day,timestamp,product,bid_price_1,bid_volume_1,bid_price_2,bid_volume_2,bid_price_3,bid_volume_3,ask_price_1,ask_volume_1,ask_price_2,ask_volume_2,ask_price_3,ask_volume_3,mid_price,profit_and_loss
-1,0,RAINFOREST_RESIN,10002,1,9996,2,9995,29,10004,2,10005,29,,,10003,0
-1,0,KELP,2028,1,2026,2,2025,29,2029,31,,,,,2028.5,0
-1,100,KELP,2025,24,,,,,2028,2,2029,22,,,2026.5,0
-1,100,RAINFOREST_RESIN,9996,2,9995,22,,,10004,2,10005,22,,,10000,4
-1,200,RAINFOREST_RESIN,9995,20,,,,,10005,20,,,,,10000,4
-1,200,KELP,2025,22,,,,,2028,20,,,,,2026.5,0
-1,300,KELP,2025,31,,,,,2028,2,2029,29,,,2026.5,0
-1,300,RAINFOREST_RESIN,9996,2,9995,29,,,10004,2,10005,29,,,10000,4
-1,400,RAINFOREST_RESIN,9996,2,9995,25,,,10004,2,10005,25,,,10000,4
-1,400,KELP,2025,27,,,,,2028,27,,,,,2026.5,0
-1,500,KELP,2025,30,,,,,2028,30,,,,,2026.5,0
-1,500,RAINFOREST_RESIN,9995,30,,,,,10002,4,10005,30,,,9998.5,4
-1,600,RAINFOREST_RESIN,10000,5,9995,25,,,10005,25,,,,,10002.5,4
-1,600,KELP,2026,5,2025,31,,,2028,25,,,,,2027,0
-1,700,KELP,2025,2,2024,23,,,2028,23,,,,,2026.5,0
-1,700,RAINFOREST_RESIN,9995,23,,,,,10005,23,,,,,10000,4
-1,800,RAINFOREST_RESIN,9996,1,9995,29,,,10004,1,10005,29,,,10000,4
-1,800,KELP,2024,1,2023,29,,,2027,30,,,,,2025.5,0
-1,900,KELP,2024,23,,,,,2027,23,,,,,2025.5,0
-1,900,RAINFOREST_RESIN,9996,1,9995,22,,,10004,1,10005,22,,,10000,4
-1,1000,RAINFOREST_RESIN,9995,26,,,,,10005,26,,,,,10000,4
-1,1000,KELP,2024,26,,,,,2026,6,2027,26,,,2025,0
-1,1100,KELP,2025,6,2024,26,,,2027,2,2028,24,,,2026,0
-1,1100,RAINFOREST_RESIN,9996,2,9995,24,,,10004,2,10005,24,,,10000,4
-1,1200,RAINFOREST_RESIN,9995,21,,,,,9998,1,10005,21,,,9996.5,24
-1,1200,KELP,2024,21,,,,,2026,8,2028,21,,,2025,0
-1,1300,KELP,2024,31,,,,,2028,31,,,,,2026,0
-1,1300,RAINFOREST_RESIN,10002,1,9996,1,9995,30,10004,1,10005,30,,,10003,26
-1,1400,RAINFOREST_RESIN,9996,1,9995,25,,,10004,1,10005,25,,,10000,28
-1,1400,KELP,2025,3,2024,25,,,2028,26,,,,,2026.5,0
-1,1500,KELP,2024,27,,,,,2028,27,,,,,2026,0
-1,1500,RAINFOREST_RESIN,9995,27,,,,,10005,27,,,,,10000,28
-1,1600,RAINFOREST_RESIN,9995,29,,,,,10005,29,,,,,10000,28
-1,1600,KELP,2024,29,,,,,2026,4,2028,29,,,2025,0
-1,1700,KELP,2024,22,,,,,2026,8,2028,22,,,2025,0
-1,1700,RAINFOREST_RESIN,9996,2,9995,20,,,10002,1,10004,2,10005,20,9999,28
-1,1800,RAINFOREST_RESIN,10002,1,9996,1,9995,22,10004,1,10005,22,,,10003,28
-1,1800,KELP,2024,23,,,,,2028,23,,,,,2026,0
-1,1900,KELP,2024,29,,,,,2026,5,2027,29,,,2025,0
-1,1900,RAINFOREST_RESIN,9996,1,9995,28,,,10004,1,10005,28,,,10000,30
-1,2000,KELP,2024,26,,,,,2027,26,,,,,2025.5,0
-1,2000,RAINFOREST_RESIN,9996,2,9995,24,,,9998,1,10004,2,10005,24,9997,30
-1,2100,RAINFOREST_RESIN,9996,2,9995,25,,,10002,3,10004,2,10005,25,9999,32
-1,2100,KELP,2024,27,,,,,2027,2,2028,25,,,2025.5,0
-1,2200,RAINFOREST_RESIN,9998,8,9996,1,9995,24,10004,1,10005,24,,,10001,32
-1,2200,KELP,2024,25,,,,,2026,7,2027,1,2028,24,2025,0
-1,2300,KELP,2024,32,,,,,2028,32,,,,,2026,0
-1,2300,RAINFOREST_RESIN,9998,7,9996,2,9995,30,10004,2,10005,30,,,10001,32
-1,2400,KELP,2024,29,,,,,2025,1,2028,29,,,2024.5,0
-1,2400,RAINFOREST_RESIN,9995,29,,,,,10005,29,,,,,10000,32
-1,2500,RAINFOREST_RESIN,9996,1,9995,22,,,10004,1,10005,22,,,10000,32
-1,2500,KELP,2025,2,2024,23,,,2027,1,2028,22,,,2026,0
-1,2600,RAINFOREST_RESIN,9995,23,,,,,10005,23,,,,,10000,32
-1,2600,KELP,2025,3,2024,23,,,2028,23,,,,,2026.5,0
-1,2700,KELP,2024,26,,,,,2027,26,,,,,2025.5,0
-1,2700,RAINFOREST_RESIN,9998,6,9995,26,,,10005,26,,,,,10001.5,32
-1,2800,KELP,2023,25,,,,,2027,25,,,,,2025,0
-1,2800,RAINFOREST_RESIN,9995,25,,,,,10005,25,,,,,10000,32
-1,2900,RAINFOREST_RESIN,9996,1,9995,25,,,10004,1,10005,25,,,10000,32
-1,2900,KELP,2023,26,,,,,2027,26,,,,,2025,0
-1,3000,RAINFOREST_RESIN,9998,1,9995,26,,,10005,26,,,,,10001.5,56
-1,3000,KELP,2024,29,,,,,2027,26,,,,,2025.5,0
-1,3100,KELP,2023,26,,,,,2025,5,2026,26,,,2024,0
-1,3100,RAINFOREST_RESIN,9996,2,9995,24,,,10004,2,10005,24,,,10000,58
-1,3200,KELP,2023,23,,,,,2025,3,2026,23,,,2024,0
-1,3200,RAINFOREST_RESIN,9996,1,9995,22,,,10004,1,10005,22,,,10000,62
-1,3300,RAINFOREST_RESIN,9996,2,9995,30,,,10004,2,10005,30,,,10000,66
-1,3300,KELP,2023,32,,,,,2025,2,2026,32,,,2024,0
-1,3400,RAINFOREST_RESIN,9996,2,9995,24,,,10004,2,10005,24,,,10000,66
-1,3400,KELP,2023,26,,,,,2026,26,,,,,2024.5,0
-1,3500,KELP,2023,26,,,,,2026,26,,,,,2024.5,0
-1,3500,RAINFOREST_RESIN,9995,26,,,,,10005,26,,,,,10000,66
-1,3600,KELP,2023,21,,,,,2026,21,,,,,2024.5,0
-1,3600,RAINFOREST_RESIN,9995,21,,,,,9998,4,10005,21,,,9996.5,66
-1,3700,RAINFOREST_RESIN,10002,1,9996,1,9995,23,10004,1,10005,23,,,10003,74
-1,3700,KELP,2023,27,,,,,2026,24,,,,,2024.5,0
-1,3800,RAINFOREST_RESIN,9996,2,9995,23,,,10002,10,10004,2,10005,23,9999,76
-1,3800,KELP,2023,25,,,,,2026,25,,,,,2024.5,0
-1,3900,KELP,2023,28,,,,,2026,26,,,,,2024.5,0
-1,3900,RAINFOREST_RESIN,9998,1,9996,1,9995,25,10004,1,10005,25,,,10001,78
-1,4000,KELP,2023,32,,,,,2026,32,,,,,2024.5,0
-1,4000,RAINFOREST_RESIN,9996,2,9995,30,,,10004,2,10005,30,,,10000,78
-1,4100,RAINFOREST_RESIN,9996,2,9995,27,,,10004,2,10005,27,,,10000,78
-1,4100,KELP,2023,29,,,,,2027,29,,,,,2025,0
-1,4200,RAINFOREST_RESIN,9996,2,9995,24,,,10002,4,10004,2,10005,24,9999,78
-1,4200,KELP,2023,26,,,,,2027,26,,,,,2025,0
-1,4300,KELP,2023,29,,,,,2024,5,2026,22,,,2023.5,0
-1,4300,RAINFOREST_RESIN,9995,22,,,,,9998,1,10000,6,10005,22,9996.5,90
-1,4400,KELP,2023,30,,,,,2026,30,,,,,2024.5,0
-1,4400,RAINFOREST_RESIN,9995,30,,,,,10005,30,,,,,10000,96
-1,4500,RAINFOREST_RESIN,9996,1,9995,28,,,10002,10,10004,1,10005,28,9999,96
-1,4500,KELP,2023,28,,,,,2026,29,,,,,2024.5,0
-1,4600,RAINFOREST_RESIN,9996,1,9995,29,,,10002,10,10004,1,10005,29,9999,96
-1,4600,KELP,2023,30,,,,,2026,30,,,,,2024.5,0
-1,4700,KELP,2023,25,,,,,2025,3,2026,32,,,2024,0
-1,4700,RAINFOREST_RESIN,9996,2,9995,30,,,10004,2,10005,30,,,10000,96
-1,4800,KELP,2023,24,,,,,2027,24,,,,,2025,0
-1,4800,RAINFOREST_RESIN,9998,6,9996,2,9995,22,10004,2,10005,22,,,10001,96
-1,4900,RAINFOREST_RESIN,9995,22,,,,,10002,7,10005,22,,,9998.5,100
-1,4900,KELP,2023,22,,,,,2027,22,,,,,2025,0
-1,5000,RAINFOREST_RESIN,9998,3,9996,2,9995,28,10004,2,10005,28,,,10001,100
-1,5000,KELP,2023,30,,,,,2026,30,,,,,2024.5,0
-1,5100,KELP,2023,37,,,,,2026,31,,,,,2024.5,0
-1,5100,RAINFOREST_RESIN,9996,1,9995,30,,,10004,1,10005,30,,,10000,100
-1,5200,KELP,2023,35,,,,,2026,27,,,,,2024.5,0
-1,5200,RAINFOREST_RESIN,9998,9,9996,1,9995,26,10004,1,10005,26,,,10001,100
-1,5300,RAINFOREST_RESIN,9996,1,9995,20,,,10004,1,10005,20,,,10000,100
-1,5300,KELP,2025,1,2023,21,,,2026,21,,,,,2025.5,0
-1,5400,RAINFOREST_RESIN,9995,21,,,,,10005,21,,,,,10000,100
-1,5400,KELP,2023,21,,,,,2025,6,2027,21,,,2024,0
-1,5500,KELP,2023,27,,,,,2027,27,,,,,2025,0
-1,5500,RAINFOREST_RESIN,9995,27,,,,,10005,27,,,,,10000,100
-1,5600,KELP,2025,2,2023,28,,,2027,28,,,,,2026,0
-1,5600,RAINFOREST_RESIN,9995,28,,,,,10005,28,,,,,10000,100
-1,5700,RAINFOREST_RESIN,9998,2,9995,27,,,10005,27,,,,,10001.5,100
-1,5700,KELP,2024,26,,,,,2027,27,,,,,2025.5,0
-1,5800,RAINFOREST_RESIN,9996,1,9995,30,,,10004,1,10005,30,,,10000,100
-1,5800,KELP,2024,31,,,,,2027,31,,,,,2025.5,0
-1,5900,KELP,2024,35,,,,,2027,30,,,,,2025.5,0
-1,5900,RAINFOREST_RESIN,9996,2,9995,28,,,10004,2,10005,28,,,10000,100
-1,6000,KELP,2024,30,,,,,2027,30,,,,,2025.5,0
-1,6000,RAINFOREST_RESIN,9995,30,,,,,10005,30,,,,,10000,100
-1,6100,RAINFOREST_RESIN,9996,1,9995,24,,,10004,1,10005,24,,,10000,100
-1,6100,KELP,2024,24,,,,,2027,25,,,,,2025.5,0
-1,6200,RAINFOREST_RESIN,9996,1,9995,21,,,10004,1,10005,21,,,10000,100
-1,6200,KELP,2024,22,,,,,2027,22,,,,,2025.5,0
-1,6300,KELP,2024,30,,,,,2027,25,,,,,2025.5,0
-1,6300,RAINFOREST_RESIN,9996,2,9995,23,,,10004,2,10005,23,,,10000,100
-1,6400,KELP,2024,25,,,,,2027,25,,,,,2025.5,0
-1,6400,RAINFOREST_RESIN,9996,1,9995,24,,,10004,1,10005,24,,,10000,100
-1,6500,RAINFOREST_RESIN,9996,1,9995,26,,,9998,1,10004,1,10005,26,9997,100
-1,6500,KELP,2024,27,,,,,2027,27,,,,,2025.5,0
-1,6600,RAINFOREST_RESIN,9996,2,9995,24,,,10004,2,10005,24,,,10000,102
-1,6600,KELP,2024,26,,,,,2028,26,,,,,2026,0
-1,6700,KELP,2025,7,2024,20,,,2028,20,,,,,2026.5,0
-1,6700,RAINFOREST_RESIN,9995,20,,,,,10002,3,10005,20,,,9998.5,118
-1,6800,KELP,2024,32,,,,,2026,8,2027,2,2028,30,2025,0
-1,6800,RAINFOREST_RESIN,9996,2,9995,30,,,10004,2,10005,30,,,10000,118
-1,6900,RAINFOREST_RESIN,9996,1,9995,26,,,10002,5,10004,1,10005,26,9999,118
-1,6900,KELP,2024,27,,,,,2026,1,2027,27,,,2025,0
-1,7000,RAINFOREST_RESIN,9998,2,9995,27,,,10005,27,,,,,10001.5,118
-1,7000,KELP,2026,4,2024,27,,,2027,27,,,,,2026.5,0
-1,7100,KELP,2024,30,,,,,2027,30,,,,,2025.5,0
-1,7100,RAINFOREST_RESIN,9996,1,9995,29,,,10004,1,10005,29,,,10000,122
-1,7200,KELP,2024,28,,,,,2027,28,,,,,2025.5,0
-1,7200,RAINFOREST_RESIN,9998,5,9996,1,9995,27,10004,1,10005,27,,,10001,122
-1,7300,RAINFOREST_RESIN,10002,1,9996,2,9995,29,10004,2,10005,29,,,10003,122
-1,7300,KELP,2024,35,,,,,2027,31,,,,,2025.5,0
-1,7400,RAINFOREST_RESIN,9996,1,9995,22,,,10004,1,10005,22,,,10000,128
-1,7400,KELP,2024,22,,,,,2027,23,,,,,2025.5,0
-1,7500,KELP,2024,25,,,,,2027,25,,,,,2025.5,0
-1,7500,RAINFOREST_RESIN,9995,25,,,,,10002,10,10005,25,,,9998.5,128
-1,7600,KELP,2024,22,,,,,2027,22,,,,,2025.5,0
-1,7600,RAINFOREST_RESIN,9996,2,9995,20,,,10004,2,10005,20,,,10000,128
-1,7700,RAINFOREST_RESIN,9995,22,,,,,10005,22,,,,,10000,128
-1,7700,KELP,2024,21,,,,,2027,22,,,,,2025.5,0
-1,7800,RAINFOREST_RESIN,9998,3,9996,1,9995,22,10004,1,10005,22,,,10001,128
-1,7800,KELP,2024,23,,,,,2027,23,,,,,2025.5,0
-1,7900,KELP,2024,31,,,,,2027,27,,,,,2025.5,0
-1,7900,RAINFOREST_RESIN,9996,1,9995,26,,,10004,1,10005,26,,,10000,128
-1,8000,KELP,2024,27,,,,,2026,8,2027,27,,,2025,0
-1,8000,RAINFOREST_RESIN,9995,27,,,,,10005,27,,,,,10000,128
-1,8100,RAINFOREST_RESIN,9996,1,9995,22,,,10004,1,10005,22,,,10000,128
-1,8100,KELP,2023,23,,,,,2027,23,,,,,2025,0
-1,8200,RAINFOREST_RESIN,9995,23,,,,,10005,23,,,,,10000,152
-1,8200,KELP,2023,23,,,,,2025,1,2026,23,,,2024,0
-1,8300,KELP,2023,30,,,,,2026,30,,,,,2024.5,0
-1,8300,RAINFOREST_RESIN,9996,1,9995,29,,,10004,1,10005,29,,,10000,152
-1,8400,RAINFOREST_RESIN,9995,28,,,,,10005,28,,,,,10000,152
-1,8400,KELP,2023,28,,,,,2026,28,,,,,2024.5,0
-1,8500,KELP,2023,31,,,,,2026,31,,,,,2024.5,0
-1,8500,RAINFOREST_RESIN,9998,10,9996,2,9995,29,10004,2,10005,29,,,10001,152
-1,8600,RAINFOREST_RESIN,9996,1,9995,22,,,10004,1,10005,22,,,10000,152
-1,8600,KELP,2023,22,,,,,2026,23,,,,,2024.5,0
-1,8700,KELP,2023,27,,,,,2025,4,2026,27,,,2024,0
-1,8700,RAINFOREST_RESIN,9998,10,9995,27,,,10005,27,,,,,10001.5,152
-1,8800,RAINFOREST_RESIN,9995,25,,,,,9998,1,10005,25,,,9996.5,152
-1,8800,KELP,2024,7,2023,25,,,2027,25,,,,,2025.5,0
-1,8900,KELP,2024,1,2023,26,,,2027,26,,,,,2025.5,0
-1,8900,RAINFOREST_RESIN,9998,9,9995,26,,,10005,26,,,,,10001.5,154
-1,9000,RAINFOREST_RESIN,9996,2,9995,29,,,10004,2,10005,29,,,10000,154
-1,9000,KELP,2023,31,,,,,2027,31,,,,,2025,0
-1,9100,KELP,2023,29,,,,,2026,2,2027,27,,,2024.5,0
-1,9100,RAINFOREST_RESIN,9998,3,9996,2,9995,27,10004,2,10005,27,,,10001,154
-1,9200,RAINFOREST_RESIN,9998,10,9995,27,,,10005,27,,,,,10001.5,154
-1,9200,KELP,2023,27,,,,,2025,7,2026,27,,,2024,0
-1,9300,KELP,2023,21,,,,,2026,21,,,,,2024.5,0
-1,9300,RAINFOREST_RESIN,9996,1,9995,20,,,10004,1,10005,20,,,10000,154
-1,9400,RAINFOREST_RESIN,9998,2,9996,2,9995,21,10004,2,10005,21,,,10001,154
-1,9400,KELP,2023,23,,,,,2026,23,,,,,2024.5,0
-1,9500,KELP,2023,35,,,,,2026,31,,,,,2024.5,0
-1,9500,RAINFOREST_RESIN,9996,1,9995,30,,,10004,1,10005,30,,,10000,154
-1,9600,RAINFOREST_RESIN,9996,1,9995,30,,,10004,1,10005,30,,,10000,154
-1,9600,KELP,2023,31,,,,,2026,31,,,,,2024.5,0
-1,9700,KELP,2023,22,,,,,2026,22,,,,,2024.5,0
-1,9700,RAINFOREST_RESIN,9995,22,,,,,10002,1,10005,22,,,9998.5,154
-1,9800,RAINFOREST_RESIN,9995,26,,,,,10005,26,,,,,10000,154
-1,9800,KELP,2023,26,,,,,2026,26,,,,,2024.5,0
-1,9900,KELP,2025,4,2023,25,,,2026,25,,,,,2025.5,0
-1,9900,RAINFOREST_RESIN,9995,25,,,,,10005,25,,,,,10000,154
-1,10000,RAINFOREST_RESIN,9995,28,,,,,10005,28,,,,,10000,154
-1,10000,KELP,2023,36,,,,,2026,28,,,,,2024.5,0
-1,10100,KELP,2023,25,,,,,2026,25,,,,,2024.5,0
-1,10100,RAINFOREST_RESIN,9996,1,9995,24,,,10002,3,10004,1,10005,24,9999,154
-1,10200,RAINFOREST_RESIN,9996,2,9995,26,,,10004,2,10005,26,,,10000,154
-1,10200,KELP,2022,28,,,,,2026,28,,,,,2024,0
-1,10300,KELP,2024,1,2022,35,,,2025,27,,,,,2024.5,0
-1,10300,RAINFOREST_RESIN,9998,4,9995,27,,,10005,27,,,,,10001.5,154
-1,10400,RAINFOREST_RESIN,10002,1,9996,1,9995,28,10004,1,10005,28,,,10003,154
-1,10400,KELP,2023,1,2022,29,,,2026,29,,,,,2024.5,0
-1,10500,KELP,2023,2,2022,29,,,2026,31,,,,,2024.5,0
-1,10500,RAINFOREST_RESIN,9998,4,9996,2,9995,29,10004,2,10005,29,,,10001,156
-1,10600,RAINFOREST_RESIN,9996,2,9995,29,,,10000,4,10004,2,10005,29,9998,156
-1,10600,KELP,2022,31,,,,,2023,4,2024,4,2025,31,2022.5,0
-1,10700,KELP,2022,29,,,,,2025,28,,,,,2023.5,-45.30859375
-1,10700,RAINFOREST_RESIN,9998,8,9995,28,,,10005,28,,,,,10001.5,156
-1,10800,RAINFOREST_RESIN,9998,5,9996,2,9995,22,10004,2,10005,22,,,10001,156
-1,10800,KELP,2022,27,,,,,2025,24,,,,,2023.5,-88.6484375
-1,10900,KELP,2022,35,,,,,2025,28,,,,,2023.5,-88.5703125
-1,10900,RAINFOREST_RESIN,9996,1,9995,27,,,10004,1,10005,27,,,10000,180
-1,11000,KELP,2024,7,2022,24,,,2025,24,,,,,2024.5,-88.5625
-1,11000,RAINFOREST_RESIN,9995,24,,,,,10002,7,10005,24,,,9998.5,180
-1,11100,RAINFOREST_RESIN,9998,3,9995,21,,,10005,21,,,,,10001.5,180
-1,11100,KELP,2022,21,,,,,2025,21,,,,,2023.5,-88.73828125
-1,11200,RAINFOREST_RESIN,9996,2,9995,21,,,10002,7,10004,2,10005,21,9999,188
-1,11200,KELP,2022,23,,,,,2025,23,,,,,2023.5,-88.49707031
-1,11300,KELP,2022,25,,,,,2025,22,,,,,2023.5,-88.72314453
-1,11300,RAINFOREST_RESIN,9996,1,9995,21,,,10004,1,10005,21,,,10000,188
-1,11400,KELP,2022,26,,,,,2025,26,,,,,2023.5,-89.04833984
-1,11400,RAINFOREST_RESIN,9996,1,9995,25,,,10004,1,10005,25,,,10000,188
-1,11500,RAINFOREST_RESIN,9996,1,9995,25,,,10002,7,10004,1,10005,25,9999,192
-1,11500,KELP,2022,26,,,,,2024,8,2025,26,,,2023,-87.64123535
-1,11600,RAINFOREST_RESIN,9996,2,9995,27,,,10002,2,10004,2,10005,27,9999,192
-1,11600,KELP,2022,29,,,,,2026,29,,,,,2024,-88.11083984
-1,11700,KELP,2022,23,,,,,2023,2,2026,23,,,2022.5,-87.92504883
-1,11700,RAINFOREST_RESIN,9996,2,9995,21,,,10004,2,10005,21,,,10000,192
-1,11800,KELP,2022,29,,,,,2024,4,2026,29,,,2023,-88.18225098
-1,11800,RAINFOREST_RESIN,9998,10,9995,29,,,10000,5,10005,29,,,9999,192
-1,11900,RAINFOREST_RESIN,9996,2,9995,30,,,10004,2,10005,30,,,10000,192
-1,11900,KELP,2023,2,2022,30,,,2024,3,2026,32,,,2023.5,-87.57470703
-1,12000,RAINFOREST_RESIN,10002,1,9995,20,,,10005,20,,,,,10003.5,192
-1,12000,KELP,2023,20,,,,,2026,20,,,,,2024.5,-89.52905273
-1,12100,KELP,2023,27,,,,,2025,1,2026,27,,,2024,-89.54174805
-1,12100,RAINFOREST_RESIN,9996,2,9995,25,,,10004,2,10005,25,,,10000,194
-1,12200,KELP,2023,34,,,,,2026,30,,,,,2024.5,-128.5703125
-1,12200,RAINFOREST_RESIN,9996,2,9995,28,,,10004,2,10005,28,,,10000,194
-1,12300,RAINFOREST_RESIN,9998,6,9996,1,9995,28,10004,1,10005,28,,,10001,194
-1,12300,KELP,2023,29,,,,,2026,29,,,,,2024.5,-130.1796875
-1,12400,RAINFOREST_RESIN,9995,26,,,,,10005,26,,,,,10000,194
-1,12400,KELP,2023,30,,,,,2026,26,,,,,2024.5,-131.4570313
-1,12500,KELP,2023,19,,,,,2026,20,,,,,2024.5,-128.2070313
-1,12500,RAINFOREST_RESIN,9995,20,,,,,10005,20,,,,,10000,194
-1,12600,KELP,2023,22,,,,,2026,22,,,,,2024.5,-124.9726563
-1,12600,RAINFOREST_RESIN,9995,22,,,,,10005,22,,,,,10000,194
-1,12700,RAINFOREST_RESIN,9996,2,9995,20,,,10004,2,10005,20,,,10000,194
-1,12700,KELP,2023,22,,,,,2026,22,,,,,2024.5,-127.390625
-1,12800,RAINFOREST_RESIN,9996,2,9995,20,,,10004,2,10005,20,,,10000,194
-1,12800,KELP,2023,22,,,,,2026,22,,,,,2024.5,-129.2148438
-1,12900,KELP,2023,36,,,,,2026,29,,,,,2024.5,-131.5664063
-1,12900,RAINFOREST_RESIN,9996,1,9995,28,,,10002,3,10004,1,10005,28,9999,194
-1,13000,KELP,2025,1,2023,6,2022,20,2026,20,,,,,2025.5,-120.75
-1,13000,RAINFOREST_RESIN,10002,1,9995,20,,,10005,20,,,,,10003.5,194
-1,13100,RAINFOREST_RESIN,9996,1,9995,25,,,10004,1,10005,25,,,10000,196
-1,13100,KELP,2023,33,,,,,2026,26,,,,,2024.5,-160.4316406
-1,13200,RAINFOREST_RESIN,9998,2,9995,22,,,10005,22,,,,,10001.5,196
-1,13200,KELP,2022,22,,,,,2025,5,2026,22,,,2023.5,-160.0664063
-1,13300,KELP,2023,6,2022,24,,,2026,24,,,,,2024.5,-159.9121094
-1,13300,RAINFOREST_RESIN,9995,24,,,,,10005,24,,,,,10000,196
-1,13400,KELP,2023,32,,,,,2026,32,,,,,2024.5,-160.1005859
-1,13400,RAINFOREST_RESIN,9996,2,9995,30,,,10004,2,10005,30,,,10000,200
-1,13500,RAINFOREST_RESIN,9995,30,,,,,10005,30,,,,,10000,200
-1,13500,KELP,2022,30,,,,,2025,8,2026,30,,,2023.5,-160.0400391
-1,13600,RAINFOREST_RESIN,9995,25,,,,,10002,10,10005,25,,,9998.5,200
-1,13600,KELP,2023,24,,,,,2025,3,2026,25,,,2024,-160.8076172
-1,13700,KELP,2023,25,,,,,2026,21,,,,,2024.5,-160.8242188
-1,13700,RAINFOREST_RESIN,9996,1,9995,20,,,9998,4,10004,1,10005,20,9997,200
-1,13800,KELP,2023,23,,,,,2026,22,,,,,2024.5,-161.1279297
-1,13800,RAINFOREST_RESIN,9996,2,9995,20,,,10004,2,10005,20,,,10000,208
-1,13900,RAINFOREST_RESIN,9996,2,9995,20,,,10000,6,10004,2,10005,20,9998,208
-1,13900,KELP,2023,22,,,,,2024,6,2025,4,2026,22,2023.5,-160.4609375
-1,14000,RAINFOREST_RESIN,9998,5,9996,2,9995,27,10004,2,10005,27,,,10001,208
-1,14000,KELP,2023,3,2022,29,,,2026,29,,,,,2024.5,-159.5390625
-1,14100,KELP,2023,25,,,,,2025,1,2026,25,,,2024,-161.1865234
-1,14100,RAINFOREST_RESIN,9996,2,9995,23,,,10004,2,10005,23,,,10000,208
-1,14200,KELP,2023,20,,,,,2026,21,,,,,2024.5,-161.2822266
-1,14200,RAINFOREST_RESIN,9995,21,,,,,10005,21,,,,,10000,208
-1,14300,RAINFOREST_RESIN,9996,2,9995,27,,,10004,2,10005,27,,,10000,208
-1,14300,KELP,2022,29,,,,,2026,29,,,,,2024,-159.0117188
-1,14400,RAINFOREST_RESIN,9996,1,9995,29,,,10004,1,10005,29,,,10000,208
-1,14400,KELP,2023,30,,,,,2026,30,,,,,2024.5,-160.1513672
-1,14500,KELP,2023,24,,,,,2026,24,,,,,2024.5,-160.3535156
-1,14500,RAINFOREST_RESIN,9995,24,,,,,10002,1,10005,24,,,9998.5,208
-1,14600,KELP,2022,28,,,,,2024,2,2026,28,,,2023,-159.375
-1,14600,RAINFOREST_RESIN,9996,2,9995,26,,,10000,2,10004,2,10005,26,9998,208
-1,14700,RAINFOREST_RESIN,9995,30,,,,,10002,7,10005,30,,,9998.5,208
-1,14700,KELP,2022,30,,,,,2025,30,,,,,2023.5,-157.4541016
-1,14800,RAINFOREST_RESIN,9995,28,,,,,10002,6,10005,28,,,9998.5,208
-1,14800,KELP,2022,28,,,,,2025,28,,,,,2023.5,-157.3974609
-1,14900,KELP,2023,4,2022,26,,,2025,26,,,,,2024,-157.2539063
-1,14900,RAINFOREST_RESIN,10000,4,9995,26,,,10005,26,,,,,10002.5,208
-1,15000,KELP,2024,8,2022,25,,,2025,25,,,,,2024.5,-156.8457031
-1,15000,RAINFOREST_RESIN,9998,1,9995,25,,,10005,25,,,,,10001.5,208
-1,15100,RAINFOREST_RESIN,9995,22,,,,,10005,22,,,,,10000,208
-1,15100,KELP,2022,27,,,,,2025,22,,,,,2023.5,-155.9228516
-1,15200,RAINFOREST_RESIN,9998,6,9995,27,,,10005,27,,,,,10001.5,208
-1,15200,KELP,2022,26,,,,,2025,27,,,,,2023.5,-155.8710938
-1,15300,KELP,2022,26,,,,,2024,4,2025,26,,,2023,-155.6953125
-1,15300,RAINFOREST_RESIN,9995,26,,,,,10002,1,10005,26,,,9998.5,208
-1,15400,KELP,2022,35,,,,,2025,30,,,,,2023.5,-155.3955078
-1,15400,RAINFOREST_RESIN,9996,2,9995,28,,,9998,1,10004,2,10005,28,9997,212
-1,15500,RAINFOREST_RESIN,10002,1,9996,2,9995,29,10004,2,10005,29,,,10003,214
-1,15500,KELP,2022,31,,,,,2024,8,2025,31,,,2023,-156.0087891
-1,15600,RAINFOREST_RESIN,9996,2,9995,24,,,10004,2,10005,24,,,10000,216
-1,15600,KELP,2022,31,,,,,2025,26,,,,,2023.5,-156.5166016
-1,15700,KELP,2022,25,,,,,2025,25,,,,,2023.5,-157.3115234
-1,15700,RAINFOREST_RESIN,10002,5,9996,1,9995,24,10004,1,10005,24,,,10003,220
-1,15800,KELP,2025,1,2022,22,,,2026,22,,,,,2025.5,-159.0458984
-1,15800,RAINFOREST_RESIN,9998,10,9996,2,9995,20,10004,2,10005,20,,,10001,230
-1,15900,RAINFOREST_RESIN,9996,2,9995,29,,,10000,6,10004,2,10005,29,9998,230
-1,15900,KELP,2023,31,,,,,2024,6,2025,2,2026,31,2023.5,-286.109375
-1,16000,RAINFOREST_RESIN,9996,2,9995,27,,,10002,6,10004,2,10005,27,9999,230
-1,16000,KELP,2023,29,,,,,2025,2,2026,29,,,2024,-327.9023438
-1,16100,KELP,2022,21,,,,,2023,2,2026,21,,,2022.5,-336.265625
-1,16100,RAINFOREST_RESIN,9995,21,,,,,10000,2,10002,10,10005,21,9997.5,230
-1,16200,KELP,2022,24,,,,,2023,1,2026,24,,,2022.5,-374.8876953
-1,16200,RAINFOREST_RESIN,9995,24,,,,,9998,1,10005,24,,,9996.5,230
-1,16300,RAINFOREST_RESIN,9996,1,9995,22,,,10004,1,10005,22,,,10000,232
-1,16300,KELP,2023,2,2022,23,,,2026,23,,,,,2024.5,-373.9123535
-1,16400,RAINFOREST_RESIN,9996,2,9995,30,,,10002,3,10004,2,10005,30,9999,248
-1,16400,KELP,2023,2,2022,30,,,2026,32,,,,,2024.5,-374.1152344
-1,16500,KELP,2023,2,2022,21,,,2026,23,,,,,2024.5,-374.1381836
-1,16500,RAINFOREST_RESIN,9996,2,9995,21,,,10002,7,10004,2,10005,21,9999,248
-1,16600,KELP,2022,30,,,,,2023,1,2026,30,,,2022.5,-374.0367432
-1,16600,RAINFOREST_RESIN,9998,4,9996,2,9995,28,10004,2,10005,28,,,10001,248
-1,16700,RAINFOREST_RESIN,10002,1,9995,26,,,10005,26,,,,,10003.5,248
-1,16700,KELP,2025,1,2022,26,,,2026,26,,,,,2025.5,-374.1204834
-1,16800,RAINFOREST_RESIN,9995,26,,,,,10005,26,,,,,10000,250
-1,16800,KELP,2022,26,,,,,2026,26,,,,,2024,-525.4921875
-1,16900,KELP,2023,1,2022,25,,,2026,26,,,,,2024.5,-574.8867188
-1,16900,RAINFOREST_RESIN,9996,1,9995,25,,,10004,1,10005,25,,,10000,260
-1,17000,KELP,2023,29,,,,,2026,29,,,,,2024.5,-571.9648438
-1,17000,RAINFOREST_RESIN,9998,9,9995,29,,,10005,29,,,,,10001.5,260
-1,17100,KELP,2023,23,,,,,2026,23,,,,,2024.5,-608.7929688
-1,17100,RAINFOREST_RESIN,9996,2,9995,21,,,10004,2,10005,21,,,10000,260
-1,17200,RAINFOREST_RESIN,9998,3,9996,2,9995,22,10004,2,10005,22,,,10001,260
-1,17200,KELP,2023,24,,,,,2026,24,,,,,2024.5,-609.4394531
-1,17300,KELP,2023,25,,,,,2025,6,2026,25,,,2024,-609.8525391
-1,17300,RAINFOREST_RESIN,9996,2,9995,23,,,10002,9,10004,2,10005,23,9999,260
-1,17400,RAINFOREST_RESIN,10000,6,9998,7,9995,28,10005,28,,,,,10002.5,260
-1,17400,KELP,2024,6,2023,28,,,2026,28,,,,,2025,-610.9169922
-1,17500,KELP,2023,26,,,,,2027,26,,,,,2025,-611.09375
-1,17500,RAINFOREST_RESIN,9995,26,,,,,10005,26,,,,,10000,260
-1,17600,RAINFOREST_RESIN,9998,6,9995,30,,,10005,30,,,,,10001.5,260
-1,17600,KELP,2023,30,,,,,2026,30,,,,,2024.5,-610.5761719
-1,17700,KELP,2025,1,2023,29,,,2026,29,,,,,2025.5,-610.2089844
-1,17700,RAINFOREST_RESIN,9996,2,9995,27,,,10004,2,10005,27,,,10000,260
-1,17800,RAINFOREST_RESIN,9996,2,9995,24,,,10002,5,10004,2,10005,24,9999,260
-1,17800,KELP,2023,26,,,,,2026,2,2027,24,,,2024.5,-646.1015625
-1,17900,KELP,2023,23,,,,,2027,23,,,,,2025,-645.1171875
-1,17900,RAINFOREST_RESIN,9995,23,,,,,10005,23,,,,,10000,260
-1,18000,RAINFOREST_RESIN,9996,2,9995,25,,,10004,2,10005,25,,,10000,260
-1,18000,KELP,2023,27,,,,,2026,27,,,,,2024.5,-647.0742188
-1,18100,KELP,2023,20,,,,,2027,20,,,,,2025,-640.3945313
-1,18100,RAINFOREST_RESIN,9995,20,,,,,10005,20,,,,,10000,260
-1,18200,RAINFOREST_RESIN,9996,1,9995,25,,,10004,1,10005,25,,,10000,260
-1,18200,KELP,2024,21,,,,,2027,26,,,,,2025.5,-633.1875
-1,18300,KELP,2023,25,,,,,2027,25,,,,,2025,-638.3359375
-1,18300,RAINFOREST_RESIN,9996,2,9995,23,,,10004,2,10005,23,,,10000,260
-1,18400,RAINFOREST_RESIN,9996,2,9995,23,,,10004,2,10005,23,,,10000,260
-1,18400,KELP,2024,25,,,,,2026,5,2027,25,,,2025,-628.921875
-1,18500,KELP,2024,29,,,,,2025,1,2027,29,,,2024.5,-627.4140625
-1,18500,RAINFOREST_RESIN,9995,29,,,,,10000,2,10005,29,,,9997.5,260
-1,18600,RAINFOREST_RESIN,10002,1,9995,20,,,10005,20,,,,,10003.5,260
-1,18600,KELP,2024,20,,,,,2026,5,2027,20,,,2025,-624.8515625
-1,18700,KELP,2024,22,,,,,2027,22,,,,,2025.5,-624.1445313
-1,18700,RAINFOREST_RESIN,9995,22,,,,,10005,22,,,,,10000,262
-1,18800,RAINFOREST_RESIN,9996,2,9995,26,,,10004,2,10005,26,,,10000,262
-1,18800,KELP,2024,28,,,,,2027,28,,,,,2025.5,-629.7109375
-1,18900,KELP,2024,22,,,,,2027,22,,,,,2025.5,-627.2578125
-1,18900,RAINFOREST_RESIN,9998,2,9995,22,,,10005,22,,,,,10001.5,262
-1,19000,RAINFOREST_RESIN,9996,2,9995,26,,,10004,2,10005,26,,,10000,262
-1,19000,KELP,2024,18,,,,,2027,28,,,,,2025.5,-626.765625
-1,19100,KELP,2024,28,,,,,2027,28,,,,,2025.5,-626.1132813
-1,19100,RAINFOREST_RESIN,9996,2,9995,26,,,10004,2,10005,26,,,10000,262
-1,19200,RAINFOREST_RESIN,9996,1,9995,20,,,9998,1,10004,1,10005,20,9997,262
-1,19200,KELP,2024,21,,,,,2027,21,,,,,2025.5,-624.5898438
-1,19300,KELP,2024,23,,,,,2027,23,,,,,2025.5,-624.2382813
-1,19300,RAINFOREST_RESIN,9996,2,9995,21,,,10004,2,10005,21,,,10000,264
-1,19400,RAINFOREST_RESIN,9995,26,,,,,10005,26,,,,,10000,266
-1,19400,KELP,2023,26,,,,,2027,26,,,,,2025,-636.796875
-1,19500,KELP,2024,23,,,,,2027,23,,,,,2025.5,-629.7109375
-1,19500,RAINFOREST_RESIN,9995,23,,,,,10005,23,,,,,10000,266
-1,19600,RAINFOREST_RESIN,9996,2,9995,27,,,10004,2,10005,27,,,10000,266
-1,19600,KELP,2024,2,2023,27,,,2027,29,,,,,2025.5,-636.6679688
-1,19700,KELP,2024,31,,,,,2026,7,2027,32,,,2025,-634.4453125
-1,19700,RAINFOREST_RESIN,10002,1,9996,2,9995,30,10004,2,10005,30,,,10003,266
-1,19800,RAINFOREST_RESIN,9996,2,9995,29,,,10004,2,10005,29,,,10000,268
-1,19800,KELP,2024,31,,,,,2027,31,,,,,2025.5,-631.53125
-1,19900,KELP,2024,32,,,,,2027,32,,,,,2025.5,-628.40625
-1,19900,RAINFOREST_RESIN,9996,2,9995,30,,,10004,2,10005,30,,,10000,268
-1,20000,KELP,2024,2,2023,27,,,2027,27,,,,,2025.5,-641.8398438
-1,20000,RAINFOREST_RESIN,9995,27,,,,,10002,4,10005,27,,,9998.5,268
-1,20100,RAINFOREST_RESIN,10002,1,9996,1,9995,30,10004,1,10005,30,,,10003,268
-1,20100,KELP,2023,31,,,,,2025,4,2027,31,,,2024,-640.5429688
-1,20200,RAINFOREST_RESIN,9995,29,,,,,9998,1,10005,29,,,9996.5,270
-1,20200,KELP,2023,29,,,,,2027,29,,,,,2025,-783.515625
-1,20300,KELP,2024,26,,,,,2027,27,,,,,2025.5,-819.0390625
-1,20300,RAINFOREST_RESIN,9995,27,,,,,10005,27,,,,,10000,272
-1,20400,KELP,2024,30,,,,,2025,4,2027,29,,,2024.5,-804.953125
-1,20400,RAINFOREST_RESIN,9996,1,9995,28,,,10000,4,10004,1,10005,28,9998,272
-1,20500,RAINFOREST_RESIN,10000,3,9996,2,9995,30,10004,2,10005,30,,,10002,272
-1,20500,KELP,2025,4,2024,7,2023,30,2027,32,,,,,2026,-796.09375
-1,20600,RAINFOREST_RESIN,9996,2,9995,26,,,10004,2,10005,26,,,10000,272
-1,20600,KELP,2023,28,,,,,2027,28,,,,,2025,-855.0351563
-1,20700,KELP,2025,6,2023,22,,,2027,22,,,,,2026,-855.6992188
-1,20700,RAINFOREST_RESIN,10002,1,10000,6,9998,4,10005,22,,,,,10003.5,272
-1,20800,KELP,2024,2,2023,22,,,2027,24,,,,,2025.5,-896.3515625
-1,20800,RAINFOREST_RESIN,9996,2,9995,22,,,10004,2,10005,22,,,10000,274
-1,20900,RAINFOREST_RESIN,9995,23,,,,,10005,23,,,,,10000,274
-1,20900,KELP,2026,1,2023,23,,,2027,23,,,,,2026.5,-896.171875
-1,21000,RAINFOREST_RESIN,9996,2,9995,26,,,10004,2,10005,26,,,10000,274
-1,21000,KELP,2024,28,,,,,2027,28,,,,,2025.5,-895.9799805
-1,21100,KELP,2024,2,2023,22,,,2027,24,,,,,2025.5,-928.9765625
-1,21100,RAINFOREST_RESIN,9996,2,9995,22,,,10004,2,10005,22,,,10000,274
-1,21200,KELP,2024,22,,,,,2027,22,,,,,2025.5,-932.4179688
-1,21200,RAINFOREST_RESIN,9995,22,,,,,9998,1,10005,22,,,9996.5,274
-1,21300,RAINFOREST_RESIN,9996,1,9995,29,,,10002,7,10004,1,10005,29,9999,276
-1,21300,KELP,2024,1,2023,29,,,2027,30,,,,,2025.5,-929.6328125
-1,21400,RAINFOREST_RESIN,9995,28,,,,,10005,28,,,,,10000,292
-1,21400,KELP,2024,28,,,,,2027,28,,,,,2025.5,-932.1289063
-1,21500,KELP,2026,4,2024,21,,,2027,21,,,,,2026.5,-941.7070313
-1,21500,RAINFOREST_RESIN,9996,1,9995,20,,,10004,1,10005,20,,,10000,292
-1,21600,KELP,2024,27,,,,,2027,2,2028,25,,,2025.5,-969.4624023
-1,21600,RAINFOREST_RESIN,10002,12,9996,2,9995,25,10004,2,10005,25,,,10003,292
-1,21700,RAINFOREST_RESIN,9998,8,9996,2,9995,29,10004,2,10005,29,,,10001,316
-1,21700,KELP,2024,31,,,,,2027,31,,,,,2025.5,-969.1933594
-1,21800,RAINFOREST_RESIN,9996,2,9995,22,,,10004,2,10005,22,,,10000,316
-1,21800,KELP,2024,24,,,,,2028,24,,,,,2026,-969.7192383
-1,21900,KELP,2024,22,,,,,2028,22,,,,,2026,-969.8447266
-1,21900,RAINFOREST_RESIN,10002,3,9996,1,9995,21,10004,1,10005,21,,,10003,316
-1,22000,KELP,2024,21,,,,,2028,21,,,,,2026,-969.4482422
-1,22000,RAINFOREST_RESIN,9995,21,,,,,10005,21,,,,,10000,322
-1,22100,RAINFOREST_RESIN,9996,2,9995,22,,,10002,7,10004,2,10005,22,9999,322
-1,22100,KELP,2024,23,,,,,2027,24,,,,,2025.5,-968.4926758
-1,22200,RAINFOREST_RESIN,9998,6,9996,1,9995,20,10004,1,10005,20,,,10001,322
-1,22200,KELP,2024,21,,,,,2027,21,,,,,2025.5,-967.9033203
-1,22300,KELP,2023,29,,,,,2026,1,2027,28,,,2024.5,-966.3857422
-1,22300,RAINFOREST_RESIN,9996,1,9995,28,,,10004,1,10005,28,,,10000,332
-1,22400,KELP,2023,29,,,,,2026,29,,,,,2024.5,-966.2558594
-1,22400,RAINFOREST_RESIN,9996,2,9995,27,,,9998,1,10004,2,10005,27,9997,332
-1,22500,RAINFOREST_RESIN,9996,2,9995,29,,,10004,2,10005,29,,,10000,352
-1,22500,KELP,2023,31,,,,,2026,31,,,,,2024.5,-965.5805664
-1,22600,RAINFOREST_RESIN,10000,6,9998,6,9996,2,10004,2,10005,20,,,10002,352
-1,22600,KELP,2024,6,2023,26,,,2026,22,,,,,2025,-965.3623047
-1,22700,KELP,2023,25,,,,,2026,26,,,,,2024.5,-965.2573242
-1,22700,RAINFOREST_RESIN,9996,2,9995,24,,,10004,2,10005,24,,,10000,352
-1,22800,KELP,2023,27,,,,,2026,28,,,,,2024.5,-964.6713867
-1,22800,RAINFOREST_RESIN,9996,1,9995,27,,,9998,2,10004,1,10005,27,9997,352
-1,22900,RAINFOREST_RESIN,9996,2,9995,30,,,10002,8,10004,2,10005,30,9999,356
-1,22900,KELP,2023,2,2022,30,,,2026,32,,,,,2024.5,-964.5170898
-1,23000,RAINFOREST_RESIN,9996,1,9995,21,,,10004,1,10005,21,,,10000,356
-1,23000,KELP,2022,22,,,,,2026,22,,,,,2024,-964.1103516
-1,23100,KELP,2023,23,,,,,2026,23,,,,,2024.5,-964.9082031
-1,23100,RAINFOREST_RESIN,9998,8,9995,23,,,10005,23,,,,,10001.5,356
-1,23200,KELP,2023,2,2022,29,,,2024,3,2026,31,,,2023.5,-964.5649414
-1,23200,RAINFOREST_RESIN,9998,5,9996,2,9995,29,10004,2,10005,29,,,10001,356
-1,23300,RAINFOREST_RESIN,9996,1,9995,29,,,10004,1,10005,29,,,10000,356
-1,23300,KELP,2023,30,,,,,2026,30,,,,,2024.5,-965.081543
-1,23400,RAINFOREST_RESIN,9996,1,9995,29,,,10004,1,10005,29,,,10000,356
-1,23400,KELP,2023,30,,,,,2026,30,,,,,2024.5,-965.1142578
-1,23500,KELP,2023,29,,,,,2025,4,2026,30,,,2024,-965.0878906
-1,23500,RAINFOREST_RESIN,9998,8,9996,2,9995,28,10004,2,10005,28,,,10001,356
-1,23600,KELP,2022,27,,,,,2026,27,,,,,2024,-964.5712891
-1,23600,RAINFOREST_RESIN,9995,27,,,,,10005,27,,,,,10000,356
-1,23700,RAINFOREST_RESIN,10002,1,9996,2,9995,21,10004,2,10005,21,,,10003,356
-1,23700,KELP,2023,2,2022,21,,,2025,7,2026,23,,,2024,-964.6069336
-1,23800,RAINFOREST_RESIN,9995,30,,,,,10005,30,,,,,10000,374
-1,23800,KELP,2024,1,2022,30,,,2026,30,,,,,2025,-963.6342773
-1,23900,KELP,2025,1,2023,1,2022,30,2026,30,,,,,2025.5,-964.3178711
-1,23900,RAINFOREST_RESIN,9995,30,,,,,10005,30,,,,,10000,374
-1,24000,KELP,2022,29,,,,,2026,29,,,,,2024,-964.300293
-1,24000,RAINFOREST_RESIN,9998,9,9995,29,,,10005,29,,,,,10001.5,374
-1,24100,RAINFOREST_RESIN,9996,1,9995,25,,,10004,1,10005,25,,,10000,374
-1,24100,KELP,2023,1,2022,25,,,2025,3,2026,26,,,2024,-964.6279297
-1,24200,RAINFOREST_RESIN,9996,2,9995,28,,,10002,6,10004,2,10005,28,9999,390
-1,24200,KELP,2023,30,,,,,2026,30,,,,,2024.5,-965.0776367
-1,24300,KELP,2023,26,,,,,2026,26,,,,,2024.5,-965.1484375
-1,24300,RAINFOREST_RESIN,9996,2,9995,24,,,10002,1,10004,2,10005,24,9999,390
-1,24400,KELP,2025,1,2023,22,,,2026,22,,,,,2025.5,-964.7744141
-1,24400,RAINFOREST_RESIN,10002,1,9998,4,9996,1,10004,1,10005,21,,,10003,390
-1,24500,RAINFOREST_RESIN,10002,1,9996,1,9995,25,10004,1,10005,25,,,10003,392
-1,24500,KELP,2022,26,,,,,2026,26,,,,,2024,-1007.601563
-1,24600,RAINFOREST_RESIN,9995,24,,,,,9998,2,10005,24,,,9996.5,398
-1,24600,KELP,2022,24,,,,,2024,2,2026,24,,,2023,-1004.542969
-1,24700,KELP,2023,25,,,,,2026,25,,,,,2024.5,-1001.984375
-1,24700,RAINFOREST_RESIN,9995,25,,,,,10005,25,,,,,10000,402
-1,24800,KELP,2022,23,,,,,2026,23,,,,,2024,-1007.027344
-1,24800,RAINFOREST_RESIN,9995,23,,,,,10005,23,,,,,10000,402
-1,24900,RAINFOREST_RESIN,10002,1,9996,1,9995,22,10004,1,10005,22,,,10003,402
-1,24900,KELP,2024,4,2022,23,,,2026,23,,,,,2025,-1005.902344
-1,25000,RAINFOREST_RESIN,9995,23,,,,,10005,23,,,,,10000,404
-1,25000,KELP,2023,23,,,,,2026,23,,,,,2024.5,-1000.683594
-1,25100,KELP,2022,25,,,,,2024,4,2026,25,,,2023,-1004.253906
-1,25100,RAINFOREST_RESIN,10002,1,9995,25,,,10005,25,,,,,10003.5,404
-1,25200,KELP,2023,1,2022,24,,,2025,3,2026,25,,,2024,-1003.238281
-1,25200,RAINFOREST_RESIN,9996,1,9995,24,,,9998,5,10004,1,10005,24,9997,406
-1,25300,RAINFOREST_RESIN,9996,2,9995,22,,,10004,2,10005,22,,,10000,416
-1,25300,KELP,2023,4,2022,22,,,2026,24,,,,,2024.5,-1003.269531
-1,25400,RAINFOREST_RESIN,9996,1,9995,29,,,10004,1,10005,29,,,10000,416
-1,25400,KELP,2025,8,2023,30,,,2026,30,,,,,2025.5,-1001.671875
-1,25500,KELP,2022,21,,,,,2025,21,,,,,2023.5,-1015.816406
-1,25500,RAINFOREST_RESIN,9996,1,9995,20,,,9998,6,10002,9,10004,1,9997,416
-1,25600,KELP,2023,31,,,,,2026,23,,,,,2024.5,-1048.918945
-1,25600,RAINFOREST_RESIN,9996,1,9995,22,,,10002,7,10004,1,10005,22,9999,428
-1,25700,RAINFOREST_RESIN,9996,2,9995,30,,,10004,2,10005,30,,,10000,428
-1,25700,KELP,2023,32,,,,,2025,6,2026,32,,,2024,-1048.36377
-1,25800,RAINFOREST_RESIN,10002,4,9995,24,,,10005,24,,,,,10003.5,436
-1,25800,KELP,2023,23,,,,,2026,24,,,,,2024.5,-1098.199219
-1,25900,KELP,2023,25,,,,,2026,25,,,,,2024.5,-1091.863281
-1,25900,RAINFOREST_RESIN,9996,2,9995,23,,,10004,2,10005,23,,,10000,444
-1,26000,RAINFOREST_RESIN,9996,2,9995,27,,,10004,2,10005,27,,,10000,444
-1,26000,KELP,2023,22,,,,,2026,29,,,,,2024.5,-1088.15625
-1,26100,KELP,2023,20,,,,,2026,20,,,,,2024.5,-1092.4375
-1,26100,RAINFOREST_RESIN,9998,7,9995,20,,,10005,20,,,,,10001.5,444
-1,26200,RAINFOREST_RESIN,9996,1,9995,22,,,10004,1,10005,22,,,10000,444
-1,26200,KELP,2023,23,,,,,2026,23,,,,,2024.5,-1093.597656
-1,26300,KELP,2023,30,,,,,2026,30,,,,,2024.5,-1092.457031
-1,26300,RAINFOREST_RESIN,9996,1,9995,29,,,9998,1,10004,1,10005,29,9997,444
-1,26400,RAINFOREST_RESIN,9995,22,,,,,10005,22,,,,,10000,446
-1,26400,KELP,2023,27,,,,,2026,22,,,,,2024.5,-1090.257813
-1,26500,KELP,2023,24,,,,,2026,24,,,,,2024.5,-1089.75
-1,26500,RAINFOREST_RESIN,9996,1,9995,23,,,10004,1,10005,23,,,10000,446
-1,26600,RAINFOREST_RESIN,9996,2,9995,28,,,9998,1,10004,2,10005,28,9997,446
-1,26600,KELP,2023,36,,,,,2026,30,,,,,2024.5,-1092.078125
-1,26700,KELP,2023,24,,,,,2025,6,2026,24,,,2024,-1091.773438
-1,26700,RAINFOREST_RESIN,9998,2,9996,1,9995,23,10004,1,10005,23,,,10001,448
-1,26800,RAINFOREST_RESIN,9996,2,9995,28,,,10004,2,10005,28,,,10000,448
-1,26800,KELP,2025,1,2023,30,,,2026,30,,,,,2025.5,-1090.90625
-1,26900,KELP,2023,29,,,,,2026,30,,,,,2024.5,-1141.401611
-1,26900,RAINFOREST_RESIN,10002,1,9995,30,,,10005,30,,,,,10003.5,448
-1,27000,RAINFOREST_RESIN,9995,28,,,,,10002,1,10005,28,,,9998.5,450
-1,27000,KELP,2023,30,,,,,2026,28,,,,,2024.5,-1179.378906
-1,27100,KELP,2023,27,,,,,2026,24,,,,,2024.5,-1181.789063
-1,27100,RAINFOREST_RESIN,9995,24,,,,,10005,24,,,,,10000,450
-1,27200,RAINFOREST_RESIN,9998,2,9995,21,,,10005,21,,,,,10001.5,450
-1,27200,KELP,2023,21,,,,,2025,2,2026,21,,,2024,-1180.683594
-1,27300,KELP,2025,1,2023,31,,,2026,31,,,,,2025.5,-1181.488281
-1,27300,RAINFOREST_RESIN,9996,2,9995,29,,,10004,2,10005,29,,,10000,450
-1,27400,RAINFOREST_RESIN,9995,21,,,,,10005,21,,,,,10000,450
-1,27400,KELP,2023,21,,,,,2026,21,,,,,2024.5,-1231.824219
-1,27500,KELP,2023,23,,,,,2025,6,2026,23,,,2024,-1231.613281
-1,27500,RAINFOREST_RESIN,9996,1,9995,22,,,10004,1,10005,22,,,10000,450
-1,27600,RAINFOREST_RESIN,9998,5,9995,24,,,10005,24,,,,,10001.5,450
-1,27600,KELP,2023,30,,,,,2026,24,,,,,2024.5,-1232.200195
-1,27700,KELP,2023,19,,,,,2026,24,,,,,2024.5,-1231.983398
-1,27700,RAINFOREST_RESIN,9995,24,,,,,10005,24,,,,,10000,450
-1,27800,RAINFOREST_RESIN,9998,9,9996,2,9995,26,10004,2,10005,26,,,10001,450
-1,27800,KELP,2023,28,,,,,2025,3,2026,28,,,2024,-1231.390625
-1,27900,KELP,2025,1,2023,29,,,2026,29,,,,,2025.5,-1231.736328
-1,27900,RAINFOREST_RESIN,9996,2,9995,27,,,10002,4,10004,2,10005,27,9999,450
-1,28000,RAINFOREST_RESIN,9998,2,9995,28,,,10005,28,,,,,10001.5,450
-1,28000,KELP,2023,28,,,,,2026,28,,,,,2024.5,-1231.285156
-1,28100,KELP,2023,26,,,,,2026,26,,,,,2024.5,-1231.705078
-1,28100,RAINFOREST_RESIN,9996,2,9995,24,,,10004,2,10005,24,,,10000,450
-1,28200,RAINFOREST_RESIN,9996,1,9995,25,,,9998,2,10004,1,10005,25,9997,450
-1,28200,KELP,2023,26,,,,,2025,5,2026,1,2027,25,2024,-1230.635742
-1,28300,KELP,2023,24,,,,,2024,2,2027,24,,,2023.5,-1240.600586
-1,28300,RAINFOREST_RESIN,9996,1,9995,23,,,10004,1,10005,23,,,10000,454
-1,28400,RAINFOREST_RESIN,9996,2,9995,23,,,10004,2,10005,23,,,10000,454
-1,28400,KELP,2023,24,,,,,2027,25,,,,,2025,-1240.350586
-1,28500,KELP,2023,23,,,,,2027,23,,,,,2025,-1241.014648
-1,28500,RAINFOREST_RESIN,9998,10,9995,23,,,10005,23,,,,,10001.5,454
-1,28600,RAINFOREST_RESIN,10002,1,9996,2,9995,21,10004,2,10005,21,,,10003,454
-1,28600,KELP,2023,23,,,,,2025,8,2027,23,,,2024,-1241.068359
-1,28700,RAINFOREST_RESIN,9995,30,,,,,10005,30,,,,,10000,456
-1,28700,KELP,2023,30,,,,,2027,30,,,,,2025,-1241.449219
-1,28800,RAINFOREST_RESIN,9995,27,,,,,10005,27,,,,,10000,456
-1,28800,KELP,2024,27,,,,,2027,27,,,,,2025.5,-1242.527344
-1,28900,KELP,2024,26,,,,,2027,22,,,,,2025.5,-1244.611328
-1,28900,RAINFOREST_RESIN,9998,7,9996,1,9995,21,10004,1,10005,21,,,10001,456
-1,29000,KELP,2024,23,,,,,2027,24,,,,,2025.5,-1243.185547
-1,29000,RAINFOREST_RESIN,9995,24,,,,,10005,24,,,,,10000,456
-1,29100,RAINFOREST_RESIN,9996,2,9995,26,,,10004,2,10005,26,,,10000,472
-1,29100,KELP,2024,31,,,,,2027,28,,,,,2025.5,-1243.822266
-1,29200,RAINFOREST_RESIN,9996,1,9995,30,,,10004,1,10005,30,,,10000,472
-1,29200,KELP,2026,1,2024,31,,,2027,31,,,,,2026.5,-1243.386719
-1,29300,KELP,2024,32,,,,,2026,2,2027,32,,,2025,-1292.351563
-1,29300,RAINFOREST_RESIN,9996,2,9995,30,,,10002,3,10004,2,10005,30,9999,472
-1,29400,KELP,2024,25,,,,,2027,26,,,,,2025.5,-1355.527344
-1,29400,RAINFOREST_RESIN,10002,1,9996,1,9995,25,10004,1,10005,25,,,10003,472
-1,29500,RAINFOREST_RESIN,9996,2,9995,27,,,10004,2,10005,27,,,10000,474
-1,29500,KELP,2024,31,,,,,2027,29,,,,,2025.5,-1355.875
-1,29600,RAINFOREST_RESIN,9996,2,9995,28,,,10004,2,10005,28,,,10000,474
-1,29600,KELP,2024,2,2023,28,,,2025,3,2027,30,,,2024.5,-1349.878906
-1,29700,KELP,2024,28,,,,,2027,26,,,,,2025.5,-1360.675781
-1,29700,RAINFOREST_RESIN,9996,1,9995,25,,,10002,4,10004,1,10005,25,9999,474
-1,29800,KELP,2024,31,,,,,2026,1,2027,1,2028,30,2025,-1362.292969
-1,29800,RAINFOREST_RESIN,9998,6,9996,1,9995,30,10004,1,10005,30,,,10001,474
-1,29900,RAINFOREST_RESIN,9995,21,,,,,10005,21,,,,,10000,474
-1,29900,KELP,2025,8,2024,21,,,2028,21,,,,,2026.5,-1363.449219
-1,30000,RAINFOREST_RESIN,9998,3,9996,1,9995,30,10004,1,10005,30,,,10001,474
-1,30000,KELP,2024,31,,,,,2028,31,,,,,2026,-1408.075684
-1,30100,KELP,2024,30,,,,,2027,30,,,,,2025.5,-1408.604736
-1,30100,RAINFOREST_RESIN,9996,2,9995,28,,,10004,2,10005,28,,,10000,476
-1,30200,KELP,2024,22,,,,,2027,22,,,,,2025.5,-1408.451172
-1,30200,RAINFOREST_RESIN,9996,2,9995,20,,,10004,2,10005,20,,,10000,476
-1,30300,RAINFOREST_RESIN,9996,2,9995,29,,,10002,9,10004,2,10005,29,9999,476
-1,30300,KELP,2026,1,2024,31,,,2027,31,,,,,2026.5,-1405.134766
-1,30400,RAINFOREST_RESIN,10000,5,9996,2,9995,29,10002,8,10004,2,10005,29,10001,476
-1,30400,KELP,2025,5,2024,31,,,2027,31,,,,,2026,-1491.429688
-1,30500,KELP,2024,22,,,,,2027,22,,,,,2025.5,-1504.109375
-1,30500,RAINFOREST_RESIN,9998,5,9996,2,9995,20,10004,2,10005,20,,,10001,476
-1,30600,KELP,2024,1,2023,20,,,2027,22,,,,,2025.5,-1507.226563
-1,30600,RAINFOREST_RESIN,9996,2,9995,20,,,10002,4,10004,2,10005,20,9999,476
-1,30700,RAINFOREST_RESIN,9995,30,,,,,10005,30,,,,,10000,476
-1,30700,KELP,2024,30,,,,,2027,30,,,,,2025.5,-1503.328125
-1,30800,RAINFOREST_RESIN,9996,1,9995,30,,,10004,1,10005,30,,,10000,476
-1,30800,KELP,2024,4,2023,30,,,2027,31,,,,,2025.5,-1505.3125
-1,30900,KELP,2023,30,,,,,2025,7,2026,30,,,2024,-1533.523438
-1,30900,RAINFOREST_RESIN,9996,2,9995,28,,,10002,6,10004,2,10005,28,9999,476
-1,31000,KELP,2024,4,2023,30,,,2026,23,,,,,2025,-1529.945313
-1,31000,RAINFOREST_RESIN,10000,4,9996,1,9995,22,10004,1,10005,22,,,10002,476
-1,31100,RAINFOREST_RESIN,9996,2,9995,27,,,10004,2,10005,27,,,10000,476
-1,31100,KELP,2023,29,,,,,2026,2,2027,27,,,2024.5,-1524.929688
-1,31200,RAINFOREST_RESIN,9996,2,9995,29,,,10002,6,10004,2,10005,29,9999,476
-1,31200,KELP,2023,31,,,,,2026,31,,,,,2024.5,-1526.515625
-1,31300,KELP,2023,24,,,,,2026,24,,,,,2024.5,-1527.882813
-1,31300,RAINFOREST_RESIN,9996,1,9995,23,,,10004,1,10005,23,,,10000,476
-1,31400,KELP,2023,26,,,,,2026,26,,,,,2024.5,-1537.828125
-1,31400,RAINFOREST_RESIN,9995,26,,,,,9998,1,10005,26,,,9996.5,476
-1,31500,RAINFOREST_RESIN,9995,30,,,,,10005,30,,,,,10000,478
-1,31500,KELP,2023,35,,,,,2026,30,,,,,2024.5,-1534.859375
-1,31600,RAINFOREST_RESIN,9995,27,,,,,10005,27,,,,,10000,478
-1,31600,KELP,2025,1,2023,27,,,2026,27,,,,,2025.5,-1530.273438
-1,31700,KELP,2023,24,,,,,2025,3,2026,24,,,2024,-1529.203125
-1,31700,RAINFOREST_RESIN,9996,2,9995,22,,,10004,2,10005,22,,,10000,478
-1,31800,KELP,2024,6,2023,26,,,2026,1,2027,25,,,2025,-1566.164063
-1,31800,RAINFOREST_RESIN,10000,6,9996,1,9995,25,10004,1,10005,25,,,10002,478
-1,31900,RAINFOREST_RESIN,9998,3,9995,28,,,10005,28,,,,,10001.5,478
-1,31900,KELP,2024,4,2023,28,,,2027,28,,,,,2025.5,-1565.832031
-1,32000,RAINFOREST_RESIN,9996,1,9995,24,,,10004,1,10005,24,,,10000,482
-1,32000,KELP,2024,2,2023,25,,,2026,1,2027,24,,,2025,-1567.292969
-1,32100,KELP,2023,29,,,,,2026,29,,,,,2024.5,-1575.367188
-1,32100,RAINFOREST_RESIN,9996,1,9995,28,,,10004,1,10005,28,,,10000,482
-1,32200,KELP,2023,28,,,,,2027,28,,,,,2025,-1564.339844
-1,32200,RAINFOREST_RESIN,9996,1,9995,27,,,10004,1,10005,27,,,10000,482
-1,32300,RAINFOREST_RESIN,9995,25,,,,,10005,25,,,,,10000,482
-1,32300,KELP,2023,25,,,,,2026,25,,,,,2024.5,-1571.503906
-1,32400,RAINFOREST_RESIN,9996,1,9995,30,,,10004,1,10005,30,,,10000,482
-1,32400,KELP,2023,30,,,,,2026,1,2027,30,,,2024.5,-1567.710938
-1,32500,KELP,2023,21,,,,,2025,5,2027,22,,,2024,-1564.457031
-1,32500,RAINFOREST_RESIN,9998,1,9996,1,9995,21,10004,1,10005,21,,,10001,482
-1,32600,KELP,2023,30,,,,,2027,30,,,,,2025,-1562.902344
-1,32600,RAINFOREST_RESIN,10002,1,9995,30,,,10005,30,,,,,10003.5,482
-1,32700,RAINFOREST_RESIN,9996,2,9995,22,,,10004,2,10005,22,,,10000,488
-1,32700,KELP,2023,24,,,,,2026,2,2027,22,,,2024.5,-1565.9375
-1,32800,RAINFOREST_RESIN,9996,2,9995,28,,,10004,2,10005,28,,,10000,488
-1,32800,KELP,2023,30,,,,,2026,2,2027,28,,,2024.5,-1566.496094
-1,32900,KELP,2023,29,,,,,2026,2,2027,27,,,2024.5,-1568.261719
-1,32900,RAINFOREST_RESIN,9996,2,9995,27,,,10004,2,10005,27,,,10000,506
-1,33000,KELP,2025,1,2023,30,,,2026,30,,,,,2025.5,-1571.019531
-1,33000,RAINFOREST_RESIN,9996,2,9995,28,,,10004,2,10005,28,,,10000,506
-1,33100,RAINFOREST_RESIN,9996,1,9995,28,,,10004,1,10005,28,,,10000,506
-1,33100,KELP,2023,28,,,,,2025,3,2026,29,,,2024,-1570.730469
-1,33200,RAINFOREST_RESIN,9996,1,9995,20,,,10002,7,10004,1,10005,20,9999,506
-1,33200,KELP,2023,20,,,,,2024,10,2026,1,2027,20,2023.5,-1618.614746
-1,33300,KELP,2024,1,2023,20,,,2027,21,,,,,2025.5,-1607.658203
-1,33300,RAINFOREST_RESIN,9996,1,9995,20,,,10004,1,10005,20,,,10000,506
-1,33400,KELP,2023,32,,,,,2027,32,,,,,2025,-1608.533203
-1,33400,RAINFOREST_RESIN,9996,2,9995,30,,,10002,3,10004,2,10005,30,9999,506
-1,33500,RAINFOREST_RESIN,9996,1,9995,20,,,10004,1,10005,20,,,10000,506
-1,33500,KELP,2023,21,,,,,2026,21,,,,,2024.5,-1611.697266
-1,33600,RAINFOREST_RESIN,10002,6,9995,27,,,10005,27,,,,,10003.5,508
-1,33600,KELP,2023,27,,,,,2026,27,,,,,2024.5,-1611.710938
-1,33700,KELP,2023,32,,,,,2026,28,,,,,2024.5,-1612.323242
-1,33700,RAINFOREST_RESIN,9996,1,9995,27,,,10002,1,10004,1,10005,27,9999,520
-1,33800,KELP,2024,3,2023,31,,,2026,26,,,,,2025,-1613.251953
-1,33800,RAINFOREST_RESIN,9996,1,9995,25,,,10004,1,10005,25,,,10000,520
-1,33900,RAINFOREST_RESIN,9995,24,,,,,10005,24,,,,,10000,520
-1,33900,KELP,2023,24,,,,,2026,24,,,,,2024.5,-1612.323242
-1,34000,RAINFOREST_RESIN,10002,1,9995,30,,,10005,30,,,,,10003.5,520
-1,34000,KELP,2023,29,,,,,2025,8,2026,30,,,2024,-1612.02832
-1,34100,KELP,2023,25,,,,,2026,23,,,,,2024.5,-1612.857422
-1,34100,RAINFOREST_RESIN,9996,1,9995,22,,,10004,1,10005,22,,,10000,522
-1,34200,KELP,2022,23,,,,,2024,1,2026,23,,,2023,-1614.931641
-1,34200,RAINFOREST_RESIN,9995,23,,,,,10005,23,,,,,10000,528
-1,34300,RAINFOREST_RESIN,10002,1,9996,1,9995,22,10004,1,10005,22,,,10003,528
-1,34300,KELP,2022,23,,,,,2026,23,,,,,2024,-1677.859375
-1,34400,RAINFOREST_RESIN,9996,2,9995,23,,,10004,2,10005,23,,,10000,530
-1,34400,KELP,2023,3,2022,25,,,2025,2,2026,23,,,2024,-1676.953125
-1,34500,KELP,2022,30,,,,,2023,5,2024,1,2026,30,2022.5,-1677.28125
-1,34500,RAINFOREST_RESIN,9995,30,,,,,10005,30,,,,,10000,530
-1,34600,KELP,2022,29,,,,,2023,1,2026,29,,,2022.5,-1685.21875
-1,34600,RAINFOREST_RESIN,9995,29,,,,,10005,29,,,,,10000,530
-1,34700,RAINFOREST_RESIN,9998,6,9995,24,,,10005,24,,,,,10001.5,530
-1,34700,KELP,2023,24,,,,,2026,24,,,,,2024.5,-1691.140625
-1,34800,RAINFOREST_RESIN,9996,2,9995,23,,,10004,2,10005,23,,,10000,530
-1,34800,KELP,2023,2,2022,23,,,2026,25,,,,,2024.5,-1687.101563
-1,34900,KELP,2023,21,,,,,2026,21,,,,,2024.5,-1692.101563
-1,34900,RAINFOREST_RESIN,9996,1,9995,20,,,10004,1,10005,20,,,10000,530
-1,35000,RAINFOREST_RESIN,10002,1,9995,20,,,10005,20,,,,,10003.5,530
-1,35000,KELP,2025,1,2023,20,,,2026,20,,,,,2025.5,-1714.179688
-1,35100,KELP,2023,31,,,,,2026,31,,,,,2024.5,-1702.078125
-1,35100,RAINFOREST_RESIN,10002,3,9996,2,9995,29,10004,2,10005,29,,,10003,532
-1,35200,RAINFOREST_RESIN,9996,2,9995,28,,,10002,10,10004,2,10005,28,9999,538
-1,35200,KELP,2023,33,,,,,2026,30,,,,,2024.5,-1709.046875
-1,35300,KELP,2023,20,,,,,2026,28,,,,,2024.5,-1695.328125
-1,35300,RAINFOREST_RESIN,9998,6,9996,1,9995,27,10004,1,10005,27,,,10001,538
-1,35400,RAINFOREST_RESIN,10002,3,9995,25,,,10005,25,,,,,10003.5,538
-1,35400,KELP,2025,1,2023,27,,,2026,25,,,,,2025.5,-1693.632813
-1,35500,KELP,2023,28,,,,,2026,28,,,,,2024.5,-1738.853516
-1,35500,RAINFOREST_RESIN,9996,2,9995,26,,,10004,2,10005,26,,,10000,544
-1,35600,RAINFOREST_RESIN,9995,26,,,,,10005,26,,,,,10000,544
-1,35600,KELP,2023,26,,,,,2026,26,,,,,2024.5,-1737.769531
-1,35700,KELP,2023,29,,,,,2026,29,,,,,2024.5,-1739.302734
-1,35700,RAINFOREST_RESIN,9996,2,9995,27,,,10004,2,10005,27,,,10000,544
-1,35800,RAINFOREST_RESIN,9998,7,9996,1,9995,30,10004,1,10005,30,,,10001,544
-1,35800,KELP,2023,29,,,,,2026,31,,,,,2024.5,-1738.990234
-1,35900,KELP,2023,2,2022,21,,,2026,23,,,,,2024.5,-1736.060547
-1,35900,RAINFOREST_RESIN,9996,2,9995,21,,,10004,2,10005,21,,,10000,544
-1,36000,RAINFOREST_RESIN,9995,30,,,,,10002,5,10005,30,,,9998.5,544
-1,36000,KELP,2022,30,,,,,2024,3,2026,30,,,2023,-1736.125
-1,36100,KELP,2022,26,,,,,2025,2,2026,24,,,2023.5,-1731.951172
-1,36100,RAINFOREST_RESIN,10002,8,9996,2,9995,24,10004,2,10005,24,,,10003,544
-1,36200,RAINFOREST_RESIN,9996,1,9995,29,,,9998,1,10004,1,10005,29,9997,560
-1,36200,KELP,2022,30,,,,,2025,1,2026,29,,,2023.5,-1732.082031
-1,36300,KELP,2022,22,,,,,2024,6,2025,22,,,2023,-1730.666016
-1,36300,RAINFOREST_RESIN,9996,1,9995,21,,,10004,1,10005,21,,,10000,562
-1,36400,RAINFOREST_RESIN,9998,1,9996,1,9995,20,10004,1,10005,20,,,10001,562
-1,36400,KELP,2024,1,2023,3,2022,21,2025,1,2026,20,,,2024.5,-1731.271484
-1,36500,KELP,2022,25,,,,,2023,2,2025,25,,,2022.5,-1731.386719
-1,36500,RAINFOREST_RESIN,9995,25,,,,,10005,25,,,,,10000,562
-1,36600,RAINFOREST_RESIN,9996,1,9995,28,,,10004,1,10005,28,,,10000,562
-1,36600,KELP,2022,29,,,,,2025,29,,,,,2023.5,-1732.804688
-1,36700,KELP,2021,21,,,,,2025,21,,,,,2023,-1783.054688
-1,36700,RAINFOREST_RESIN,9995,21,,,,,10005,21,,,,,10000,562
-1,36800,RAINFOREST_RESIN,9995,30,,,,,10005,30,,,,,10000,562
-1,36800,KELP,2021,30,,,,,2025,30,,,,,2023,-1781.835938
-1,36900,KELP,2021,27,,,,,2024,27,,,,,2022.5,-1791.910156
-1,36900,RAINFOREST_RESIN,9996,1,9995,26,,,10004,1,10005,26,,,10000,562
-1,37000,RAINFOREST_RESIN,9996,2,9995,23,,,10004,2,10005,23,,,10000,562
-1,37000,KELP,2020,25,,,,,2024,25,,,,,2022,-1797.998047
-1,37100,KELP,2021,27,,,,,2024,23,,,,,2022.5,-1787.810547
-1,37100,RAINFOREST_RESIN,9996,2,9995,21,,,10004,2,10005,21,,,10000,562
-1,37200,RAINFOREST_RESIN,9996,1,9995,20,,,10004,1,10005,20,,,10000,562
-1,37200,KELP,2021,25,,,,,2024,21,,,,,2022.5,-1788.792969
-1,37300,KELP,2022,4,2021,28,,,2024,1,2025,27,,,2023,-1784.013672
-1,37300,RAINFOREST_RESIN,9996,1,9995,27,,,9998,10,10002,4,10004,1,9997,562
-1,37400,RAINFOREST_RESIN,10002,1,9998,2,9995,30,10005,30,,,,,10003.5,582
-1,37400,KELP,2021,30,,,,,2024,30,,,,,2022.5,-1785.601563
-1,37500,KELP,2020,27,,,,,2024,27,,,,,2022,-1796.992188
-1,37500,RAINFOREST_RESIN,9996,2,9995,25,,,10004,2,10005,25,,,10000,584
-1,37600,KELP,2020,22,,,,,2024,22,,,,,2022,-1799.279297
-1,37600,RAINFOREST_RESIN,9995,22,,,,,10002,7,10005,22,,,9998.5,586
-1,37700,RAINFOREST_RESIN,9996,1,9995,23,,,10004,1,10005,23,,,10000,586
-1,37700,KELP,2020,24,,,,,2024,24,,,,,2022,-1798.623047
-1,37800,RAINFOREST_RESIN,9995,25,,,,,10005,25,,,,,10000,586
-1,37800,KELP,2020,24,,,,,2024,25,,,,,2022,-1800.199219
-1,37900,KELP,2019,25,,,,,2023,25,,,,,2021,-1813.072266
-1,37900,RAINFOREST_RESIN,9995,25,,,,,10005,25,,,,,10000,586
-1,38000,KELP,2019,32,,,,,2021,4,2023,32,,,2020,-1813.212891
-1,38000,RAINFOREST_RESIN,10002,1,9996,2,9995,30,10004,2,10005,30,,,10003,586
-1,38100,RAINFOREST_RESIN,9996,2,9995,26,,,10002,2,10004,2,10005,26,9999,588
-1,38100,KELP,2019,28,,,,,2022,2,2023,26,,,2020.5,-1815.533203
-1,38200,RAINFOREST_RESIN,9996,1,9995,27,,,10004,1,10005,27,,,10000,588
-1,38200,KELP,2019,28,,,,,2023,28,,,,,2021,-1811.419922
-1,38300,KELP,2019,26,,,,,2022,26,,,,,2020.5,-1817.175781
-1,38300,RAINFOREST_RESIN,9998,5,9995,26,,,10005,26,,,,,10001.5,588
-1,38400,KELP,2019,24,,,,,2020,6,2022,24,,,2019.5,-1817.863281
-1,38400,RAINFOREST_RESIN,9996,1,9995,23,,,10000,6,10004,1,10005,23,9998,588
-1,38500,RAINFOREST_RESIN,10002,1,9995,21,,,10005,21,,,,,10003.5,588
-1,38500,KELP,2019,21,,,,,2022,21,,,,,2020.5,-1820.072266
-1,38600,RAINFOREST_RESIN,9996,2,9995,28,,,10004,2,10005,28,,,10000,590
-1,38600,KELP,2019,30,,,,,2022,30,,,,,2020.5,-1819.226563
-1,38700,KELP,2019,20,,,,,2022,20,,,,,2020.5,-1818.527344
-1,38700,RAINFOREST_RESIN,9995,20,,,,,10005,20,,,,,10000,592
-1,38800,KELP,2019,21,,,,,2020,2,2021,1,2022,21,2019.5,-1818.490234
-1,38800,RAINFOREST_RESIN,9996,1,9995,20,,,10002,1,10004,1,10005,20,9999,592
-1,38900,RAINFOREST_RESIN,9996,2,9995,30,,,10004,2,10005,30,,,10000,608
-1,38900,KELP,2019,32,,,,,2021,7,2022,2,2023,30,2020,-1853.991211
-1,39000,RAINFOREST_RESIN,9995,23,,,,,10002,9,10005,23,,,9998.5,608
-1,39000,KELP,2019,23,,,,,2023,23,,,,,2021,-1854.979492
-1,39100,KELP,2020,25,,,,,2023,25,,,,,2021.5,-1857.266602
-1,39100,RAINFOREST_RESIN,9998,8,9996,1,9995,24,10004,1,10005,24,,,10001,608
-1,39200,KELP,2020,30,,,,,2022,2,2023,30,,,2021,-1857.791992
-1,39200,RAINFOREST_RESIN,9996,1,9995,29,,,10004,1,10005,29,,,10000,608
-1,39300,RAINFOREST_RESIN,9995,27,,,,,10005,27,,,,,10000,608
-1,39300,KELP,2020,27,,,,,2023,27,,,,,2021.5,-1858.541016
-1,39400,RAINFOREST_RESIN,9996,1,9995,30,,,10004,1,10005,30,,,10000,608
-1,39400,KELP,2020,31,,,,,2022,5,2023,31,,,2021,-1856.805664
-1,39500,KELP,2019,27,,,,,2021,3,2022,27,,,2020,-1852.791016
-1,39500,RAINFOREST_RESIN,9995,27,,,,,9998,1,10002,2,10005,27,9996.5,610
-1,39600,KELP,2021,4,2019,23,,,2023,23,,,,,2022,-1854.455078
-1,39600,RAINFOREST_RESIN,9995,23,,,,,10005,23,,,,,10000,612
-1,39700,RAINFOREST_RESIN,9996,2,9995,22,,,10004,2,10005,22,,,10000,612
-1,39700,KELP,2019,28,,,,,2022,2,2023,22,,,2020.5,-1904.523438
-1,39800,RAINFOREST_RESIN,9996,1,9995,27,,,10004,1,10005,27,,,10000,612
-1,39800,KELP,2019,28,,,,,2022,1,2023,27,,,2020.5,-1954.978516
-1,39900,KELP,2019,31,,,,,2022,31,,,,,2020.5,-1952.25
-1,39900,RAINFOREST_RESIN,9996,1,9995,30,,,10002,4,10004,1,10005,30,9999,612
-1,40000,KELP,2018,22,,,,,2022,22,,,,,2020,-1948.873047
-1,40000,RAINFOREST_RESIN,9995,22,,,,,10005,22,,,,,10000,612
-1,40100,RAINFOREST_RESIN,9996,2,9995,29,,,10002,8,10004,2,10005,29,9999,612
-1,40100,KELP,2019,31,,,,,2022,31,,,,,2020.5,-1952.101563
-1,40200,RAINFOREST_RESIN,9996,1,9995,28,,,10004,1,10005,28,,,10000,612
-1,40200,KELP,2019,1,2018,28,,,2022,29,,,,,2020.5,-1948.701172
-1,40300,KELP,2019,22,,,,,2022,22,,,,,2020.5,-1950.083984
-1,40300,RAINFOREST_RESIN,9995,22,,,,,9998,1,10005,22,,,9996.5,612
-1,40400,KELP,2018,24,,,,,2022,24,,,,,2020,-1947.607422
-1,40400,RAINFOREST_RESIN,9996,1,9995,23,,,10004,1,10005,23,,,10000,614
-1,40500,RAINFOREST_RESIN,10002,1,9996,2,9995,27,10004,2,10005,27,,,10003,614
-1,40500,KELP,2019,1,2018,27,,,2022,29,,,,,2020.5,-1948.330078
-1,40600,RAINFOREST_RESIN,9996,2,9995,24,,,10004,2,10005,24,,,10000,616
-1,40600,KELP,2019,4,2018,26,,,2022,26,,,,,2020.5,-1946.974609
-1,40700,KELP,2018,22,,,,,2021,22,,,,,2019.5,-1941.34375
-1,40700,RAINFOREST_RESIN,9998,7,9996,2,9995,20,10004,2,10005,20,,,10001,616
-1,40800,KELP,2018,27,,,,,2021,27,,,,,2019.5,-1943.667969
-1,40800,RAINFOREST_RESIN,9995,27,,,,,10005,27,,,,,10000,616
-1,40900,RAINFOREST_RESIN,9998,10,9996,2,9995,26,10004,2,10005,26,,,10001,616
-1,40900,KELP,2017,28,,,,,2021,28,,,,,2019,-1937.75
-1,41000,RAINFOREST_RESIN,9995,21,,,,,10002,10,10005,21,,,9998.5,638
-1,41000,KELP,2018,20,,,,,2020,3,2021,21,,,2019,-1941.367188
-1,41100,KELP,2018,24,,,,,2021,27,,,,,2019.5,-1940.9375
-1,41100,RAINFOREST_RESIN,9995,27,,,,,10005,27,,,,,10000,638
-1,41200,KELP,2018,29,,,,,2021,29,,,,,2019.5,-1940.806641
-1,41200,RAINFOREST_RESIN,9995,29,,,,,10005,29,,,,,10000,638
-1,41300,RAINFOREST_RESIN,9998,2,9996,1,9995,24,10004,1,10005,24,,,10001,638
-1,41300,KELP,2017,25,,,,,2019,4,2021,25,,,2018,-1936.046875
-1,41400,RAINFOREST_RESIN,9998,5,9996,2,9995,23,10000,4,10004,2,10005,23,9999,638
-1,41400,KELP,2017,25,,,,,2018,4,2019,5,2020,25,2017.5,-1929.765625
-1,41500,KELP,2017,22,,,,,2019,1,2021,22,,,2018,-1935.330078
-1,41500,RAINFOREST_RESIN,9998,8,9996,2,9995,20,10004,2,10005,20,,,10001,638
-1,41600,KELP,2017,23,,,,,2019,7,2020,1,2021,22,2018,-1934.695313
-1,41600,RAINFOREST_RESIN,9996,1,9995,22,,,10004,1,10005,22,,,10000,638
-1,41700,RAINFOREST_RESIN,10000,5,9995,21,,,10005,21,,,,,10002.5,638
-1,41700,KELP,2019,4,2017,21,,,2021,21,,,,,2020,-1936.367188
-1,41800,RAINFOREST_RESIN,9996,2,9995,22,,,10004,2,10005,22,,,10000,638
-1,41800,KELP,2018,24,,,,,2021,24,,,,,2019.5,-2031.078125
-1,41900,KELP,2018,22,,,,,2020,1,2021,22,,,2019,-2028.554688
-1,41900,RAINFOREST_RESIN,9996,1,9995,21,,,9998,4,10004,1,10005,21,9997,638
-1,42000,KELP,2018,31,,,,,2020,5,2021,32,,,2019,-2019.390625
-1,42000,RAINFOREST_RESIN,9996,2,9995,30,,,10004,2,10005,30,,,10000,646
-1,42100,RAINFOREST_RESIN,9998,8,9996,2,9995,21,10004,2,10005,21,,,10001,646
-1,42100,KELP,2018,23,,,,,2021,2,2022,21,,,2019.5,-2021.15625
-1,42200,RAINFOREST_RESIN,10002,1,9995,28,,,10005,28,,,,,10003.5,646
-1,42200,KELP,2018,28,,,,,2022,28,,,,,2020,-2019.328125
-1,42300,KELP,2018,20,,,,,2019,7,2020,2,2022,20,2018.5,-2017.328125
-1,42300,RAINFOREST_RESIN,9995,20,,,,,10005,20,,,,,10000,648
-1,42400,KELP,2019,30,,,,,2022,31,,,,,2020.5,-2064.486328
-1,42400,RAINFOREST_RESIN,9996,2,9995,29,,,10004,2,10005,29,,,10000,648
-1,42500,RAINFOREST_RESIN,9995,24,,,,,10002,3,10005,24,,,9998.5,648
-1,42500,KELP,2019,24,,,,,2022,24,,,,,2020.5,-2064.845703
-1,42600,RAINFOREST_RESIN,9995,26,,,,,10005,26,,,,,10000,668
-1,42600,KELP,2019,26,,,,,2022,26,,,,,2020.5,-2063.560547
-1,42700,KELP,2018,26,,,,,2022,26,,,,,2020,-2067.792969
-1,42700,RAINFOREST_RESIN,9995,26,,,,,10005,26,,,,,10000,672
-1,42800,KELP,2019,30,,,,,2022,30,,,,,2020.5,-2064.626953
-1,42800,RAINFOREST_RESIN,9995,30,,,,,10005,30,,,,,10000,672
-1,42900,RAINFOREST_RESIN,9995,25,,,,,10005,25,,,,,10000,672
-1,42900,KELP,2019,25,,,,,2022,25,,,,,2020.5,-2061.630859
-1,43000,RAINFOREST_RESIN,9995,23,,,,,10005,23,,,,,10000,676
-1,43000,KELP,2020,2,2019,23,,,2023,23,,,,,2021.5,-2057.253906
-1,43100,KELP,2020,21,,,,,2023,21,,,,,2021.5,-2053.318359
-1,43100,RAINFOREST_RESIN,9995,21,,,,,10005,21,,,,,10000,676
-1,43200,KELP,2019,21,,,,,2023,21,,,,,2021,-2056.066406
-1,43200,RAINFOREST_RESIN,9996,1,9995,20,,,10004,1,10005,20,,,10000,676
-1,43300,RAINFOREST_RESIN,9996,1,9995,24,,,10004,1,10005,24,,,10000,676
-1,43300,KELP,2019,25,,,,,2021,2,2023,25,,,2020,-2056.126953
-1,43400,RAINFOREST_RESIN,9996,2,9995,22,,,10004,2,10005,22,,,10000,676
-1,43400,KELP,2021,4,2020,24,,,2023,24,,,,,2022,-2054.560547
-1,43500,KELP,2020,22,,,,,2022,7,2023,23,,,2021,-2053.775391
-1,43500,RAINFOREST_RESIN,9998,7,9995,23,,,10005,23,,,,,10001.5,676
-1,43600,KELP,2020,5,2019,21,,,2023,23,,,,,2021.5,-2080.835938
-1,43600,RAINFOREST_RESIN,9996,2,9995,21,,,10002,9,10004,2,10005,21,9999,676
-1,43700,KELP,2020,24,,,,,2023,24,,,,,2021.5,-2121.886719
-1,43700,RAINFOREST_RESIN,9996,1,9995,23,,,10004,1,10005,23,,,10000,676
-1,43800,RAINFOREST_RESIN,9996,2,9995,26,,,10004,2,10005,26,,,10000,676
-1,43800,KELP,2020,35,,,,,2023,28,,,,,2021.5,-2120.066406
-1,43900,KELP,2020,36,,,,,2023,30,,,,,2021.5,-2122.265625
-1,43900,RAINFOREST_RESIN,10002,4,9998,2,9996,1,10004,1,10005,29,,,10003,676
-1,44000,RAINFOREST_RESIN,9996,2,9995,20,,,10004,2,10005,20,,,10000,684
-1,44000,KELP,2020,22,,,,,2022,3,2023,22,,,2021,-2119.898438
-1,44100,KELP,2019,24,,,,,2023,24,,,,,2021,-2125.792969
-1,44100,RAINFOREST_RESIN,9995,24,,,,,9998,1,10002,2,10005,24,9996.5,684
-1,44200,RAINFOREST_RESIN,9995,21,,,,,10005,21,,,,,10000,686
-1,44200,KELP,2019,21,,,,,2023,21,,,,,2021,-2126.369141
-1,44300,KELP,2019,27,,,,,2023,27,,,,,2021,-2125.542969
-1,44300,RAINFOREST_RESIN,9995,27,,,,,10005,27,,,,,10000,686
-1,44400,RAINFOREST_RESIN,9998,7,9995,28,,,10005,28,,,,,10001.5,686
-1,44400,KELP,2018,28,,,,,2022,28,,,,,2020,-2135.376953
-1,44500,KELP,2021,1,2019,2,2018,21,2022,21,,,,,2021.5,-2134.867188
-1,44500,RAINFOREST_RESIN,9995,21,,,,,10005,21,,,,,10000,686
-1,44600,RAINFOREST_RESIN,9996,1,9995,23,,,10004,1,10005,23,,,10000,686
-1,44600,KELP,2019,24,,,,,2022,24,,,,,2020.5,-2132.701172
-1,44700,KELP,2019,29,,,,,2022,29,,,,,2020.5,-2164.740234
-1,44700,RAINFOREST_RESIN,9995,29,,,,,10002,10,10005,29,,,9998.5,686
-1,44800,RAINFOREST_RESIN,9995,29,,,,,9998,1,10002,10,10005,29,9996.5,686
-1,44800,KELP,2018,29,,,,,2022,29,,,,,2020,-2162.330078
-1,44900,KELP,2019,1,2018,26,,,2022,26,,,,,2020.5,-2161.449219
-1,44900,RAINFOREST_RESIN,9996,1,9995,25,,,10004,1,10005,25,,,10000,688
-1,45000,RAINFOREST_RESIN,10002,1,9996,2,9995,24,10004,2,10005,24,,,10003,688
-1,45000,KELP,2018,26,,,,,2022,26,,,,,2020,-2161.683594
-1,45100,KELP,2019,27,,,,,2021,5,2022,27,,,2020,-2164.289063
-1,45100,RAINFOREST_RESIN,9996,1,9995,26,,,10004,1,10005,26,,,10000,690
-1,45200,RAINFOREST_RESIN,9996,1,9995,28,,,10004,1,10005,28,,,10000,690
-1,45200,KELP,2019,29,,,,,2021,6,2022,29,,,2020,-2163.75
-1,45300,KELP,2018,26,,,,,2021,22,,,,,2019.5,-2157.726563
-1,45300,RAINFOREST_RESIN,9995,22,,,,,10005,22,,,,,10000,690
-1,45400,RAINFOREST_RESIN,9996,2,9995,21,,,9998,1,10004,2,10005,21,9997,690
-1,45400,KELP,2018,22,,,,,2020,2,2021,23,,,2019,-2154.115234
-1,45500,KELP,2018,25,,,,,2019,3,2021,25,,,2018.5,-2155.15625
-1,45500,RAINFOREST_RESIN,9996,1,9995,24,,,10000,3,10004,1,10005,24,9998,692
-1,45600,RAINFOREST_RESIN,9995,26,,,,,10002,5,10005,26,,,9998.5,692
-1,45600,KELP,2018,33,,,,,2021,26,,,,,2019.5,-2156.335938
-1,45700,KELP,2018,24,,,,,2021,24,,,,,2019.5,-2156.496094
-1,45700,RAINFOREST_RESIN,9995,24,,,,,10005,24,,,,,10000,692
-1,45800,RAINFOREST_RESIN,9996,1,9995,27,,,10004,1,10005,27,,,10000,692
-1,45800,KELP,2018,27,,,,,2021,28,,,,,2019.5,-2157.265625
-1,45900,KELP,2019,4,2018,31,,,2022,31,,,,,2020.5,-2160.5625
-1,45900,RAINFOREST_RESIN,9996,1,9995,30,,,10004,1,10005,30,,,10000,692
-1,46000,RAINFOREST_RESIN,9996,2,9995,24,,,10004,2,10005,24,,,10000,696
-1,46000,KELP,2019,2,2018,24,,,2022,26,,,,,2020.5,-2163.412109
-1,46100,KELP,2019,25,,,,,2022,25,,,,,2020.5,-2164.412109
-1,46100,RAINFOREST_RESIN,9998,6,9996,2,9995,23,10004,2,10005,23,,,10001,696
-1,46200,RAINFOREST_RESIN,9998,2,9996,1,9995,27,10004,1,10005,27,,,10001,696
-1,46200,KELP,2018,28,,,,,2021,1,2022,27,,,2019.5,-2159.314453
-1,46300,KELP,2018,29,,,,,2021,29,,,,,2019.5,-2156.414063
-1,46300,RAINFOREST_RESIN,9996,2,9995,27,,,10004,2,10005,27,,,10000,696
-1,46400,RAINFOREST_RESIN,9995,22,,,,,10005,22,,,,,10000,696
-1,46400,KELP,2018,22,,,,,2022,22,,,,,2020,-2159.019531
-1,46500,KELP,2019,6,2018,31,,,2021,31,,,,,2020,-2158.335938
-1,46500,RAINFOREST_RESIN,10000,6,9996,1,9995,30,10004,1,10005,30,,,10002,696
-1,46600,KELP,2019,3,2018,28,,,2021,1,2022,27,,,2020,-2159.404297
-1,46600,RAINFOREST_RESIN,9998,10,9996,1,9995,27,10004,1,10005,27,,,10001,696
-1,46700,RAINFOREST_RESIN,9995,26,,,,,10005,26,,,,,10000,696
-1,46700,KELP,2019,26,,,,,2022,26,,,,,2020.5,-2163.955078
-1,46800,RAINFOREST_RESIN,9996,1,9995,21,,,10004,1,10005,21,,,10000,696
-1,46800,KELP,2019,22,,,,,2022,22,,,,,2020.5,-2166.931641
-1,46900,KELP,2021,1,2019,32,,,2022,32,,,,,2021.5,-2164.269531
-1,46900,RAINFOREST_RESIN,9996,2,9995,30,,,10004,2,10005,30,,,10000,696
-1,47000,KELP,2019,21,,,,,2022,21,,,,,2020.5,-2267.671875
-1,47000,RAINFOREST_RESIN,9996,1,9995,20,,,10004,1,10005,20,,,10000,696
-1,47100,RAINFOREST_RESIN,9996,2,9995,24,,,9998,1,10004,2,10005,24,9997,696
-1,47100,KELP,2019,22,,,,,2022,26,,,,,2020.5,-2271.328125
-1,47200,RAINFOREST_RESIN,10002,1,9996,2,9995,28,10004,2,10005,28,,,10003,698
-1,47200,KELP,2019,30,,,,,2022,30,,,,,2020.5,-2269.945313
-1,47300,KELP,2019,25,,,,,2021,1,2022,25,,,2020,-2265.953125
-1,47300,RAINFOREST_RESIN,10002,1,9998,3,9995,25,10005,25,,,,,10003.5,700
-1,47400,KELP,2019,25,,,,,2022,24,,,,,2020.5,-2256.195313
-1,47400,RAINFOREST_RESIN,9995,24,,,,,10002,9,10005,24,,,9998.5,702
-1,47500,RAINFOREST_RESIN,9995,30,,,,,10002,1,10005,30,,,9998.5,702
-1,47500,KELP,2019,30,,,,,2021,6,2022,30,,,2020,-2257.3125
-1,47600,RAINFOREST_RESIN,9996,1,9995,27,,,10004,1,10005,27,,,10000,702
-1,47600,KELP,2019,28,,,,,2022,28,,,,,2020.5,-2248.664063
-1,47700,KELP,2019,23,,,,,2022,23,,,,,2020.5,-2246.671875
-1,47700,RAINFOREST_RESIN,9996,1,9995,22,,,10002,8,10004,1,10005,22,9999,702
-1,47800,KELP,2019,23,,,,,2022,1,2023,22,,,2020.5,-2244.09375
-1,47800,RAINFOREST_RESIN,9996,1,9995,22,,,10002,8,10004,1,10005,22,9999,702
-1,47900,RAINFOREST_RESIN,10002,1,9995,27,,,10005,27,,,,,10003.5,702
-1,47900,KELP,2019,27,,,,,2023,27,,,,,2021,-2243.234375
-1,48000,RAINFOREST_RESIN,9995,27,,,,,10005,27,,,,,10000,704
-1,48000,KELP,2019,27,,,,,2023,27,,,,,2021,-2244.179688
-1,48100,KELP,2019,22,,,,,2022,21,,,,,2020.5,-2253.195313
-1,48100,RAINFOREST_RESIN,9995,21,,,,,10002,9,10005,21,,,9998.5,704
-1,48200,KELP,2019,25,,,,,2022,25,,,,,2020.5,-2255.960938
-1,48200,RAINFOREST_RESIN,9998,5,9995,25,,,10005,25,,,,,10001.5,708
-1,48300,RAINFOREST_RESIN,9996,1,9995,28,,,9998,1,10000,5,10004,1,9997,708
-1,48300,KELP,2018,29,,,,,2019,5,2022,29,,,2018.5,-2289.390625
-1,48400,RAINFOREST_RESIN,9995,27,,,,,10002,7,10005,27,,,9998.5,710
-1,48400,KELP,2019,1,2018,27,,,2022,27,,,,,2020.5,-2342.027344
-1,48500,KELP,2019,1,2018,29,,,2022,29,,,,,2020.5,-2343.125
-1,48500,RAINFOREST_RESIN,9995,29,,,,,9998,1,10005,29,,,9996.5,710
-1,48600,KELP,2019,1,2018,29,,,2022,29,,,,,2020.5,-2343.761719
-1,48600,RAINFOREST_RESIN,9996,1,9995,28,,,10004,1,10005,28,,,10000,712
-1,48700,RAINFOREST_RESIN,9996,1,9995,22,,,10004,1,10005,22,,,10000,714
-1,48700,KELP,2018,23,,,,,2022,23,,,,,2020,-2345.046875
-1,48800,RAINFOREST_RESIN,9996,1,9995,23,,,10004,1,10005,23,,,10000,714
-1,48800,KELP,2019,29,,,,,2022,24,,,,,2020.5,-2339.152344
-1,48900,KELP,2019,34,,,,,2022,27,,,,,2020.5,-2336.882813
-1,48900,RAINFOREST_RESIN,9995,27,,,,,10005,27,,,,,10000,714
-1,49000,KELP,2019,39,,,,,2022,32,,,,,2020.5,-2338.691406
-1,49000,RAINFOREST_RESIN,9996,2,9995,30,,,10004,2,10005,30,,,10000,714
-1,49100,RAINFOREST_RESIN,9996,2,9995,30,,,10004,2,10005,30,,,10000,714
-1,49100,KELP,2019,40,,,,,2022,32,,,,,2020.5,-2333.136719
-1,49200,RAINFOREST_RESIN,9996,1,9995,20,,,10004,1,10005,20,,,10000,714
-1,49200,KELP,2019,21,,,,,2022,21,,,,,2020.5,-2337.59375
-1,49300,KELP,2019,21,,,,,2022,22,,,,,2020.5,-2329
-1,49300,RAINFOREST_RESIN,9998,9,9996,1,9995,21,10004,1,10005,21,,,10001,714
-1,49400,KELP,2021,9,2020,5,2019,20,2022,20,,,,,2021.5,-2330.224609
-1,49400,RAINFOREST_RESIN,9995,20,,,,,10005,20,,,,,10000,714
-1,49500,RAINFOREST_RESIN,9996,2,9995,30,,,10004,2,10005,30,,,10000,714
-1,49500,KELP,2019,40,,,,,2022,32,,,,,2020.5,-2328.572266
-1,49600,RAINFOREST_RESIN,9995,24,,,,,10005,24,,,,,10000,714
-1,49600,KELP,2021,1,2019,24,,,2022,24,,,,,2021.5,-2331.029297
-1,49700,KELP,2019,28,,,,,2022,28,,,,,2020.5,-2331.176758
-1,49700,RAINFOREST_RESIN,9998,7,9996,2,9995,26,10004,2,10005,26,,,10001,714
-1,49800,KELP,2019,25,,,,,2020,5,2023,25,,,2019.5,-2439.4375
-1,49800,RAINFOREST_RESIN,9996,2,9995,23,,,10004,2,10005,23,,,10000,714
-1,49900,RAINFOREST_RESIN,9998,3,9995,23,,,10005,23,,,,,10001.5,714
-1,49900,KELP,2019,23,,,,,2023,23,,,,,2021,-2433.882813
-1,50000,RAINFOREST_RESIN,9996,1,9995,20,,,10004,1,10005,20,,,10000,718
-1,50000,KELP,2019,21,,,,,2022,1,2023,20,,,2020.5,-2428.546875
-1,50100,KELP,2019,24,,,,,2021,2,2022,24,,,2020,-2422.101563
-1,50100,RAINFOREST_RESIN,9995,24,,,,,10005,24,,,,,10000,718
-1,50200,KELP,2019,24,,,,,2023,24,,,,,2021,-2437.25
-1,50200,RAINFOREST_RESIN,9995,24,,,,,10005,24,,,,,10000,718
-1,50300,RAINFOREST_RESIN,9995,30,,,,,10002,10,10005,30,,,9998.5,718
-1,50300,KELP,2019,30,,,,,2023,30,,,,,2021,-2441.898438
-1,50400,RAINFOREST_RESIN,9998,4,9996,1,9995,22,10000,2,10004,1,10005,22,9999,718
-1,50400,KELP,2019,23,,,,,2021,3,2023,23,,,2020,-2440.953125
-1,50500,KELP,2019,25,,,,,2023,25,,,,,2021,-2439.242188
-1,50500,RAINFOREST_RESIN,9996,2,9995,23,,,10004,2,10005,23,,,10000,718
-1,50600,KELP,2019,21,,,,,2020,6,2023,23,,,2019.5,-2443.117188
-1,50600,RAINFOREST_RESIN,10002,1,9996,2,9995,21,10004,2,10005,21,,,10003,718
-1,50700,RAINFOREST_RESIN,9996,2,9995,22,,,10004,2,10005,22,,,10000,722
-1,50700,KELP,2020,24,,,,,2023,24,,,,,2021.5,-2446.78125
-1,50800,RAINFOREST_RESIN,10002,5,9996,2,9995,22,10004,2,10005,22,,,10003,722
-1,50800,KELP,2022,1,2020,24,,,2023,24,,,,,2022.5,-2493.246094
-1,50900,KELP,2020,28,,,,,2022,4,2023,28,,,2021,-2494.886719
-1,50900,RAINFOREST_RESIN,9996,1,9995,27,,,10004,1,10005,27,,,10000,732
-1,51000,KELP,2020,28,,,,,2023,28,,,,,2021.5,-2492.558594
-1,51000,RAINFOREST_RESIN,9996,2,9995,26,,,10004,2,10005,26,,,10000,732
-1,51100,RAINFOREST_RESIN,9998,6,9996,1,9995,25,10004,1,10005,25,,,10001,732
-1,51100,KELP,2020,26,,,,,2023,26,,,,,2021.5,-2497.539063
-1,51200,RAINFOREST_RESIN,9996,2,9995,28,,,10004,2,10005,28,,,10000,732
-1,51200,KELP,2020,30,,,,,2023,30,,,,,2021.5,-2494.34375
-1,51300,KELP,2020,25,,,,,2023,25,,,,,2021.5,-2503.417969
-1,51300,RAINFOREST_RESIN,9996,1,9995,24,,,10004,1,10005,24,,,10000,732
-1,51400,KELP,2020,30,,,,,2023,30,,,,,2021.5,-2491.087891
-1,51400,RAINFOREST_RESIN,9995,30,,,,,10002,3,10005,30,,,9998.5,732
-1,51500,RAINFOREST_RESIN,9995,30,,,,,10005,30,,,,,10000,732
-1,51500,KELP,2022,1,2020,30,,,2023,30,,,,,2022.5,-2490.789063
-1,51600,RAINFOREST_RESIN,10000,5,9996,2,9995,22,10002,1,10004,2,10005,22,10001,732
-1,51600,KELP,2021,5,2020,24,,,2023,24,,,,,2022,-2534.285156
-1,51700,KELP,2020,16,,,,,2023,20,,,,,2021.5,-2535.71875
-1,51700,RAINFOREST_RESIN,9995,20,,,,,10005,20,,,,,10000,734
-1,51800,KELP,2020,1,2019,24,,,2023,25,,,,,2021.5,-2538.925781
-1,51800,RAINFOREST_RESIN,9996,1,9995,24,,,10004,1,10005,24,,,10000,756
-1,51900,RAINFOREST_RESIN,9996,1,9995,23,,,10004,1,10005,23,,,10000,756
-1,51900,KELP,2021,4,2019,24,,,2023,24,,,,,2022,-2541.818359
-1,52000,RAINFOREST_RESIN,9998,3,9995,29,,,10005,29,,,,,10001.5,766
-1,52000,KELP,2019,29,,,,,2021,6,2023,29,,,2020,-2540.158203
-1,52100,KELP,2019,21,,,,,2023,21,,,,,2021,-2602.003906
-1,52100,RAINFOREST_RESIN,9995,21,,,,,10005,21,,,,,10000,766
-1,52200,KELP,2019,31,,,,,2023,31,,,,,2021,-2599.601563
-1,52200,RAINFOREST_RESIN,9996,2,9995,29,,,10004,2,10005,29,,,10000,782
-1,52300,RAINFOREST_RESIN,10002,1,9996,1,9995,27,10004,1,10005,27,,,10003,782
-1,52300,KELP,2022,1,2019,28,,,2023,28,,,,,2022.5,-2600.992188
-1,52400,RAINFOREST_RESIN,9998,3,9996,1,9995,29,10004,1,10005,29,,,10001,784
-1,52400,KELP,2020,30,,,,,2023,30,,,,,2021.5,-2738.570313
-1,52500,KELP,2022,1,2020,28,,,2023,28,,,,,2022.5,-2784.925781
-1,52500,RAINFOREST_RESIN,9996,1,9995,27,,,9998,1,10004,1,10005,27,9997,784
-1,52600,RAINFOREST_RESIN,9998,1,9996,1,9995,22,10000,4,10004,1,10005,22,9999,786
-1,52600,KELP,2020,1,2019,22,,,2021,4,2023,23,,,2020.5,-2791.738281
-1,52700,KELP,2019,26,,,,,2023,27,,,,,2021,-2977.96875
-1,52700,RAINFOREST_RESIN,9996,2,9995,25,,,10004,2,10005,25,,,10000,786
-1,52800,RAINFOREST_RESIN,9995,26,,,,,10005,26,,,,,10000,786
-1,52800,KELP,2019,26,,,,,2023,26,,,,,2021,-3038.710938
-1,52900,KELP,2020,30,,,,,2023,30,,,,,2021.5,-3039.460938
-1,52900,RAINFOREST_RESIN,9995,30,,,,,10005,30,,,,,10000,786
-1,53000,RAINFOREST_RESIN,10002,1,9996,1,9995,20,10004,1,10005,20,,,10003,798
-1,53000,KELP,2020,21,,,,,2023,21,,,,,2021.5,-3043.148438
-1,53100,KELP,2019,24,,,,,2023,24,,,,,2021,-3035.089844
-1,53100,RAINFOREST_RESIN,9995,24,,,,,10005,24,,,,,10000,800
-1,53200,RAINFOREST_RESIN,9996,1,9995,30,,,10004,1,10005,30,,,10000,800
-1,53200,KELP,2022,1,2019,31,,,2023,31,,,,,2022.5,-3036.109375
-1,53300,KELP,2020,29,,,,,2023,29,,,,,2021.5,-3094.030273
-1,53300,RAINFOREST_RESIN,9995,29,,,,,10005,29,,,,,10000,800
-1,53400,RAINFOREST_RESIN,9998,6,9996,2,9995,23,10004,2,10005,23,,,10001,800
-1,53400,KELP,2020,25,,,,,2023,25,,,,,2021.5,-3092.24707
-1,53500,KELP,2020,23,,,,,2023,23,,,,,2021.5,-3093.18457
-1,53500,RAINFOREST_RESIN,9996,2,9995,21,,,10002,1,10004,2,10005,21,9999,800
-1,53600,RAINFOREST_RESIN,9995,24,,,,,9998,9,10005,24,,,9996.5,800
-1,53600,KELP,2020,24,,,,,2023,24,,,,,2021.5,-3094.135742
-1,53700,KELP,2019,30,,,,,2023,30,,,,,2021,-3095.067383
-1,53700,RAINFOREST_RESIN,9998,1,9995,30,,,10005,30,,,,,10001.5,818
-1,53800,RAINFOREST_RESIN,10002,3,9995,30,,,10005,30,,,,,10003.5,818
-1,53800,KELP,2019,30,,,,,2023,30,,,,,2021,-3095.233398
-1,53900,KELP,2019,27,,,,,2023,27,,,,,2021,-3095.71582
-1,53900,RAINFOREST_RESIN,9996,2,9995,25,,,10004,2,10005,25,,,10000,824
-1,54000,RAINFOREST_RESIN,9998,6,9996,1,9995,30,10004,1,10005,30,,,10001,828
-1,54000,KELP,2020,31,,,,,2022,1,2023,31,,,2021,-3093.643555
-1,54100,KELP,2020,24,,,,,2022,2,2023,24,,,2021,-3093.882813
-1,54100,RAINFOREST_RESIN,9998,2,9996,2,9995,22,10004,2,10005,22,,,10001,828
-1,54200,RAINFOREST_RESIN,9995,28,,,,,10005,28,,,,,10000,828
-1,54200,KELP,2020,28,,,,,2023,28,,,,,2021.5,-3094.050781
-1,54300,KELP,2022,1,2019,25,,,2023,25,,,,,2022.5,-3096.048828
-1,54300,RAINFOREST_RESIN,9996,2,9995,23,,,10004,2,10005,23,,,10000,828
-1,54400,RAINFOREST_RESIN,9995,29,,,,,10005,29,,,,,10000,836
-1,54400,KELP,2019,29,,,,,2022,29,,,,,2020.5,-3097.439453
-1,54500,KELP,2019,21,,,,,2022,21,,,,,2020.5,-3146.269531
-1,54500,RAINFOREST_RESIN,9996,1,9995,20,,,10004,1,10005,20,,,10000,836
-1,54600,RAINFOREST_RESIN,10002,3,9995,27,,,10005,27,,,,,10003.5,836
-1,54600,KELP,2019,27,,,,,2023,27,,,,,2021,-3149.261719
-1,54700,KELP,2019,29,,,,,2020,4,2022,29,,,2019.5,-3148.382813
-1,54700,RAINFOREST_RESIN,9996,2,9995,27,,,10004,2,10005,27,,,10000,842
-1,54800,RAINFOREST_RESIN,9998,8,9995,27,,,10005,27,,,,,10001.5,842
-1,54800,KELP,2019,27,,,,,2021,1,2022,27,,,2020,-3147.605469
-1,54900,KELP,2019,29,,,,,2022,29,,,,,2020.5,-3146.40625
-1,54900,RAINFOREST_RESIN,9996,1,9995,28,,,10002,3,10004,1,10005,28,9999,842
-1,55000,RAINFOREST_RESIN,9996,2,9995,28,,,10002,8,10004,2,10005,28,9999,842
-1,55000,KELP,2019,36,,,,,2022,30,,,,,2020.5,-3141.277344
-1,55100,KELP,2019,37,,,,,2022,29,,,,,2020.5,-3137.753906
-1,55100,RAINFOREST_RESIN,9995,29,,,,,10005,29,,,,,10000,842
-1,55200,RAINFOREST_RESIN,9996,2,9995,21,,,10004,2,10005,21,,,10000,846
-1,55200,KELP,2018,21,,,,,2019,3,2020,8,2022,23,2018.5,-3134.691406
-1,55300,RAINFOREST_RESIN,9996,2,9995,27,,,9998,1,10002,2,10004,2,9997,846
-1,55300,KELP,2018,29,,,,,2022,29,,,,,2020,-3132.582031
-1,55400,RAINFOREST_RESIN,9998,3,9996,1,9995,21,10004,1,10005,21,,,10001,848
-1,55400,KELP,2019,2,2018,22,,,2022,22,,,,,2020.5,-3133.28125
-1,55500,KELP,2021,1,2019,4,2018,25,2022,25,,,,,2021.5,-3135
-1,55500,RAINFOREST_RESIN,9995,25,,,,,10002,9,10005,25,,,9998.5,848
-1,55600,KELP,2019,3,2018,26,,,2022,26,,,,,2020.5,-3180.751709
-1,55600,RAINFOREST_RESIN,9995,26,,,,,10005,26,,,,,10000,848
-1,55700,RAINFOREST_RESIN,9996,2,9995,21,,,10004,2,10005,21,,,10000,848
-1,55700,KELP,2019,25,,,,,2022,23,,,,,2020.5,-3184.214355
-1,55800,RAINFOREST_RESIN,9998,6,9996,1,9995,26,10004,1,10005,26,,,10001,850
-1,55800,KELP,2018,27,,,,,2022,27,,,,,2020,-3185
-1,55900,KELP,2018,22,,,,,2022,22,,,,,2020,-3185
-1,55900,RAINFOREST_RESIN,9995,22,,,,,10005,22,,,,,10000,850
-1,56000,KELP,2018,24,,,,,2019,3,2021,2,2022,22,2018.5,-3185
-1,56000,RAINFOREST_RESIN,9996,2,9995,22,,,10002,10,10004,2,10005,22,9999,850
-1,56100,RAINFOREST_RESIN,9996,2,9995,20,,,10004,2,10005,20,,,10000,850
-1,56100,KELP,2019,22,,,,,2022,22,,,,,2020.5,-3185
-1,56200,RAINFOREST_RESIN,9996,1,9995,29,,,10004,1,10005,29,,,10000,850
-1,56200,KELP,2020,2,2018,30,,,2022,30,,,,,2021,-3185
-1,56300,KELP,2019,6,2018,27,,,2022,27,,,,,2020.5,-3185
-1,56300,RAINFOREST_RESIN,10002,1,9996,2,9995,25,10004,2,10005,25,,,10003,850
-1,56400,KELP,2018,31,,,,,2022,31,,,,,2020,-3185
-1,56400,RAINFOREST_RESIN,9996,1,9995,30,,,10004,1,10005,30,,,10000,852
-1,56500,RAINFOREST_RESIN,9996,2,9995,27,,,10004,2,10005,27,,,10000,852
-1,56500,KELP,2018,29,,,,,2022,29,,,,,2020,-3185
-1,56600,RAINFOREST_RESIN,9996,2,9995,29,,,10002,4,10004,2,10005,29,9999,852
-1,56600,KELP,2019,2,2018,29,,,2022,31,,,,,2020.5,-3185
-1,56700,KELP,2020,6,2018,26,,,2022,26,,,,,2021,-3185
-1,56700,RAINFOREST_RESIN,9998,3,9996,2,9995,24,10000,2,10004,2,10005,24,9999,852
-1,56800,KELP,2018,24,,,,,2021,2,2022,22,,,2019.5,-3185
-1,56800,RAINFOREST_RESIN,10002,1,9998,10,9996,2,10004,2,10005,22,,,10003,852
-1,56900,RAINFOREST_RESIN,9996,2,9995,20,,,10004,2,10005,20,,,10000,854
-1,56900,KELP,2018,24,,,,,2021,22,,,,,2019.5,-3185
-1,57000,RAINFOREST_RESIN,9996,1,9995,27,,,10004,1,10005,27,,,10000,854
-1,57000,KELP,2018,28,,,,,2020,8,2021,28,,,2019,-3185
-1,57100,KELP,2017,27,,,,,2020,27,,,,,2018.5,-3185
-1,57100,RAINFOREST_RESIN,9996,2,9995,25,,,10004,2,10005,25,,,10000,854
-1,57200,KELP,2019,1,2017,27,,,2020,27,,,,,2019.5,-3185
-1,57200,RAINFOREST_RESIN,10002,2,9996,1,9995,26,10004,1,10005,26,,,10003,854
-1,57300,RAINFOREST_RESIN,9996,1,9995,26,,,10002,9,10004,1,10005,26,9999,858
-1,57300,KELP,2017,27,,,,,2020,27,,,,,2018.5,-3185
-1,57400,RAINFOREST_RESIN,9995,24,,,,,10005,24,,,,,10000,858
-1,57400,KELP,2017,24,,,,,2019,2,2020,24,,,2018,-3185
-1,57500,KELP,2019,5,2017,30,,,2020,25,,,,,2019.5,-3185
-1,57500,RAINFOREST_RESIN,9998,5,9996,2,9995,23,10004,2,10005,23,,,10001,858
-1,57600,KELP,2017,24,,,,,2020,24,,,,,2018.5,-3185
-1,57600,RAINFOREST_RESIN,9995,24,,,,,10005,24,,,,,10000,858
-1,57700,RAINFOREST_RESIN,9995,29,,,,,10005,29,,,,,10000,858
-1,57700,KELP,2017,29,,,,,2020,29,,,,,2018.5,-3185
-1,57800,RAINFOREST_RESIN,9998,1,9996,2,9995,29,10004,2,10005,29,,,10001,858
-1,57800,KELP,2017,31,,,,,2020,2,2021,29,,,2018.5,-3185
-1,57900,KELP,2017,27,,,,,2018,6,2019,5,2020,2,2017.5,-3185
-1,57900,RAINFOREST_RESIN,9996,2,9995,25,,,9998,1,10000,6,10004,2,9997,858
-1,58000,KELP,2017,29,,,,,2020,1,2021,24,,,2018.5,-3185
-1,58000,RAINFOREST_RESIN,9996,1,9995,24,,,9998,4,10004,1,10005,24,9997,860
-1,58100,RAINFOREST_RESIN,9995,23,,,,,10005,23,,,,,10000,868
-1,58100,KELP,2017,23,,,,,2020,23,,,,,2018.5,-3185
-1,58200,RAINFOREST_RESIN,9996,1,9995,30,,,10004,1,10005,30,,,10000,874
-1,58200,KELP,2017,31,,,,,2020,31,,,,,2018.5,-3185
-1,58300,KELP,2017,29,,,,,2020,29,,,,,2018.5,-3185
-1,58300,RAINFOREST_RESIN,9995,29,,,,,10005,29,,,,,10000,874
-1,58400,KELP,2016,23,,,,,2018,1,2019,23,,,2017,-3185
-1,58400,RAINFOREST_RESIN,9996,2,9995,21,,,10004,2,10005,21,,,10000,874
-1,58500,RAINFOREST_RESIN,9995,21,,,,,10002,1,10005,21,,,9998.5,874
-1,58500,KELP,2016,21,,,,,2019,21,,,,,2017.5,-3185
-1,58600,RAINFOREST_RESIN,10002,1,9995,25,,,10005,25,,,,,10003.5,874
-1,58600,KELP,2015,25,,,,,2017,7,2019,25,,,2016,-3185
-1,58700,KELP,2015,34,,,,,2018,32,,,,,2016.5,-3185
-1,58700,RAINFOREST_RESIN,9996,2,9995,30,,,10004,2,10005,30,,,10000,876
-1,58800,KELP,2015,29,,,,,2019,29,,,,,2017,-3185
-1,58800,RAINFOREST_RESIN,9995,29,,,,,10002,1,10005,29,,,9998.5,876
-1,58900,RAINFOREST_RESIN,9996,1,9995,24,,,10004,1,10005,24,,,10000,900
-1,58900,KELP,2015,25,,,,,2019,25,,,,,2017,-3185
-1,59000,RAINFOREST_RESIN,9996,2,9995,20,,,10004,2,10005,20,,,10000,900
-1,59000,KELP,2016,22,,,,,2019,22,,,,,2017.5,-3185
-1,59100,KELP,2016,34,,,,,2019,27,,,,,2017.5,-3185
-1,59100,RAINFOREST_RESIN,9995,27,,,,,10005,27,,,,,10000,900
-1,59200,KELP,2016,31,,,,,2020,31,,,,,2018,-3185
-1,59200,RAINFOREST_RESIN,9998,4,9996,2,9995,29,10004,2,10005,29,,,10001,902
-1,59300,RAINFOREST_RESIN,9996,1,9995,26,,,10004,1,10005,26,,,10000,902
-1,59300,KELP,2016,26,,,,,2018,2,2019,27,,,2017,-3185
-1,59400,RAINFOREST_RESIN,9996,1,9995,21,,,10004,1,10005,21,,,10000,902
-1,59400,KELP,2015,22,,,,,2019,22,,,,,2017,-3185
-1,59500,KELP,2015,23,,,,,2019,23,,,,,2017,-3185
-1,59500,RAINFOREST_RESIN,10002,5,9995,23,,,10005,23,,,,,10003.5,902
-1,59600,KELP,2016,29,,,,,2019,29,,,,,2017.5,-3185
-1,59600,RAINFOREST_RESIN,9996,2,9995,27,,,10004,2,10005,27,,,10000,912
-1,59700,RAINFOREST_RESIN,9995,21,,,,,10005,21,,,,,10000,912
-1,59700,KELP,2015,21,,,,,2018,21,,,,,2016.5,-3185
-1,59800,RAINFOREST_RESIN,9996,1,9995,24,,,10004,1,10005,24,,,10000,912
-1,59800,KELP,2015,25,,,,,2018,25,,,,,2016.5,-3185
-1,59900,KELP,2015,24,,,,,2018,24,,,,,2016.5,-3185
-1,59900,RAINFOREST_RESIN,9996,1,9995,23,,,10002,6,10004,1,10005,23,9999,912
-1,60000,KELP,2015,22,,,,,2018,22,,,,,2016.5,-3185
-1,60000,RAINFOREST_RESIN,9998,3,9995,22,,,10005,22,,,,,10001.5,912
-1,60100,RAINFOREST_RESIN,9996,2,9995,25,,,10004,2,10005,25,,,10000,914
-1,60100,KELP,2015,27,,,,,2018,27,,,,,2016.5,-3185
-1,60200,RAINFOREST_RESIN,9995,25,,,,,10005,25,,,,,10000,914
-1,60200,KELP,2016,3,2015,25,,,2018,25,,,,,2017,-3185
-1,60300,KELP,2015,28,,,,,2018,28,,,,,2016.5,-3185
-1,60300,RAINFOREST_RESIN,9996,1,9995,27,,,10004,1,10005,27,,,10000,930
-1,60400,KELP,2015,1,2014,20,,,2018,21,,,,,2016.5,-3185
-1,60400,RAINFOREST_RESIN,9996,1,9995,20,,,9998,1,10004,1,10005,20,9997,930
-1,60500,RAINFOREST_RESIN,9996,1,9995,23,,,10004,1,10005,23,,,10000,932
-1,60500,KELP,2015,24,,,,,2018,24,,,,,2016.5,-3185
-1,60600,RAINFOREST_RESIN,9996,2,9995,22,,,10004,2,10005,22,,,10000,932
-1,60600,KELP,2015,26,,,,,2018,24,,,,,2016.5,-3185
-1,60700,KELP,2015,22,,,,,2017,5,2018,22,,,2016,-3185
-1,60700,RAINFOREST_RESIN,9995,22,,,,,10005,22,,,,,10000,932
-1,60800,KELP,2015,31,,,,,2018,32,,,,,2016.5,-3185
-1,60800,RAINFOREST_RESIN,10002,10,9996,2,9995,30,10004,2,10005,30,,,10003,932
-1,60900,RAINFOREST_RESIN,9996,2,9995,29,,,10004,2,10005,29,,,10000,952
-1,60900,KELP,2015,28,,,,,2017,4,2018,31,,,2016,-3185
-1,61000,RAINFOREST_RESIN,9995,28,,,,,10005,28,,,,,10000,952
-1,61000,KELP,2015,28,,,,,2018,28,,,,,2016.5,-3185
-1,61100,KELP,2015,29,,,,,2017,3,2018,29,,,2016,-3185
-1,61100,RAINFOREST_RESIN,9995,29,,,,,10005,29,,,,,10000,952
-1,61200,KELP,2015,22,,,,,2016,2,2018,22,,,2015.5,-3185
-1,61200,RAINFOREST_RESIN,9998,9,9996,1,9995,21,10000,2,10004,1,10005,21,9999,952
-1,61300,RAINFOREST_RESIN,9996,1,9995,22,,,10004,1,10005,22,,,10000,952
-1,61300,KELP,2015,23,,,,,2018,23,,,,,2016.5,-3185
-1,61400,RAINFOREST_RESIN,9996,1,9995,30,,,10004,1,10005,30,,,10000,952
-1,61400,KELP,2015,31,,,,,2018,1,2019,30,,,2016.5,-3185
-1,61500,KELP,2015,29,,,,,2018,29,,,,,2016.5,-3185
-1,61500,RAINFOREST_RESIN,9996,2,9995,27,,,10004,2,10005,27,,,10000,952
-1,61600,RAINFOREST_RESIN,9996,2,9995,28,,,10004,2,10005,28,,,10000,952
-1,61600,KELP,2015,30,,,,,2017,5,2018,30,,,2016,-3185
-1,61700,KELP,2014,26,,,,,2016,7,2017,27,,,2015,-3185
-1,61700,RAINFOREST_RESIN,9996,1,9995,26,,,10004,1,10005,26,,,10000,952
-1,61800,RAINFOREST_RESIN,9995,20,,,,,10005,20,,,,,10000,952
-1,61800,KELP,2015,20,,,,,2018,20,,,,,2016.5,-3185
-1,61900,KELP,2014,26,,,,,2017,26,,,,,2015.5,-3185
-1,61900,RAINFOREST_RESIN,9995,26,,,,,9998,1,10005,26,,,9996.5,952
-1,62000,RAINFOREST_RESIN,9995,20,,,,,10005,20,,,,,10000,958
-1,62000,KELP,2016,1,2014,20,,,2017,20,,,,,2016.5,-3184.326416
-1,62100,KELP,2014,25,,,,,2017,25,,,,,2015.5,-3282.726563
-1,62100,RAINFOREST_RESIN,9996,2,9995,23,,,10004,2,10005,23,,,10000,958
-1,62200,RAINFOREST_RESIN,9995,25,,,,,10002,3,10005,25,,,9998.5,958
-1,62200,KELP,2014,25,,,,,2017,25,,,,,2015.5,-3329.25
-1,62300,KELP,2014,22,,,,,2017,22,,,,,2015.5,-3326.664063
-1,62300,RAINFOREST_RESIN,9995,22,,,,,10005,22,,,,,10000,958
-1,62400,RAINFOREST_RESIN,9996,2,9995,23,,,10004,2,10005,23,,,10000,962
-1,62400,KELP,2014,25,,,,,2016,8,2018,25,,,2015,-3316.425781
-1,62500,KELP,2015,3,2014,23,,,2018,24,,,,,2016.5,-3315.757813
-1,62500,RAINFOREST_RESIN,9996,1,9995,23,,,10004,1,10005,23,,,10000,962
-1,62600,RAINFOREST_RESIN,9995,29,,,,,10005,29,,,,,10000,962
-1,62600,KELP,2015,29,,,,,2018,29,,,,,2016.5,-3304.390625
-1,62700,KELP,2015,26,,,,,2018,26,,,,,2016.5,-3305.386719
-1,62700,RAINFOREST_RESIN,9996,2,9995,24,,,10004,2,10005,24,,,10000,962
-1,62800,RAINFOREST_RESIN,9995,26,,,,,10005,26,,,,,10000,962
-1,62800,KELP,2015,25,,,,,2017,1,2019,26,,,2016,-3296.273438
-1,62900,KELP,2016,29,,,,,2018,1,2019,29,,,2017,-3283
-1,62900,RAINFOREST_RESIN,9996,2,9995,27,,,9998,4,10004,2,10005,27,9997,962
-1,63000,RAINFOREST_RESIN,9995,29,,,,,10005,29,,,,,10000,970
-1,63000,KELP,2016,29,,,,,2018,4,2019,29,,,2017,-3281.628906
-1,63100,KELP,2016,25,,,,,2020,26,,,,,2018,-3270.207031
-1,63100,RAINFOREST_RESIN,9996,2,9995,24,,,10004,2,10005,24,,,10000,970
-1,63200,RAINFOREST_RESIN,9995,28,,,,,10005,28,,,,,10000,970
-1,63200,KELP,2016,28,,,,,2020,28,,,,,2018,-3269.324219
-1,63300,KELP,2016,32,,,,,2019,2,2020,30,,,2017.5,-3272.382813
-1,63300,RAINFOREST_RESIN,9996,2,9995,30,,,10004,2,10005,30,,,10000,970
-1,63400,RAINFOREST_RESIN,9996,2,9995,24,,,10004,2,10005,24,,,10000,970
-1,63400,KELP,2018,3,2016,26,,,2020,26,,,,,2019,-3270.863281
-1,63500,KELP,2016,22,,,,,2019,20,,,,,2017.5,-3274.675781
-1,63500,RAINFOREST_RESIN,9998,8,9995,20,,,10005,20,,,,,10001.5,970
-1,63600,RAINFOREST_RESIN,9995,21,,,,,10005,21,,,,,10000,970
-1,63600,KELP,2018,1,2016,21,,,2019,21,,,,,2018.5,-3313.953125
-1,63700,KELP,2017,8,2016,30,,,2019,2,2020,28,,,2018,-3313.40918
-1,63700,RAINFOREST_RESIN,9996,2,9995,28,,,10002,6,10004,2,10005,28,9999,970
-1,63800,RAINFOREST_RESIN,9996,1,9995,21,,,10004,1,10005,21,,,10000,970
-1,63800,KELP,2016,21,,,,,2018,7,2020,22,,,2017,-3320.845703
-1,63900,KELP,2016,21,,,,,2018,6,2020,21,,,2017,-3320.087891
-1,63900,RAINFOREST_RESIN,9995,21,,,,,10005,21,,,,,10000,970
-1,64000,RAINFOREST_RESIN,9998,6,9995,30,,,10005,30,,,,,10001.5,994
-1,64000,KELP,2016,30,,,,,2019,30,,,,,2017.5,-3319.601563
-1,64100,KELP,2016,27,,,,,2019,27,,,,,2017.5,-3318.883301
-1,64100,RAINFOREST_RESIN,9995,27,,,,,10002,6,10005,27,,,9998.5,994
-1,64200,KELP,2015,25,,,,,2018,25,,,,,2016.5,-3314.839844
-1,64200,RAINFOREST_RESIN,9996,1,9995,24,,,10004,1,10005,24,,,10000,994
-1,64300,RAINFOREST_RESIN,9998,7,9996,1,9995,22,10004,1,10005,22,,,10001,1000
-1,64300,KELP,2015,23,,,,,2018,23,,,,,2016.5,-3313.824707
-1,64400,RAINFOREST_RESIN,9998,8,9996,2,9995,27,10004,2,10005,27,,,10001,1000
-1,64400,KELP,2015,31,,,,,2018,29,,,,,2016.5,-3314.083984
-1,64500,KELP,2015,29,,,,,2017,6,2018,29,,,2016,-3314.460938
-1,64500,RAINFOREST_RESIN,9998,5,9996,2,9995,27,10004,2,10005,27,,,10001,1000
-1,64600,KELP,2015,26,,,,,2018,26,,,,,2016.5,-3314.049805
-1,64600,RAINFOREST_RESIN,9995,26,,,,,10005,26,,,,,10000,1000
-1,64700,RAINFOREST_RESIN,9995,28,,,,,10005,28,,,,,10000,1000
-1,64700,KELP,2015,28,,,,,2018,28,,,,,2016.5,-3312.86084
-1,64800,RAINFOREST_RESIN,9996,2,9995,30,,,10004,2,10005,30,,,10000,1000
-1,64800,KELP,2015,2,2014,30,,,2018,32,,,,,2016.5,-3312.773926
-1,64900,KELP,2015,31,,,,,2017,3,2018,31,,,2016,-3312.859863
-1,64900,RAINFOREST_RESIN,9996,2,9995,29,,,10004,2,10005,29,,,10000,1000
-1,65000,KELP,2015,25,,,,,2018,25,,,,,2016.5,-3314.15918
-1,65000,RAINFOREST_RESIN,9995,25,,,,,9998,1,10005,25,,,9996.5,1000
-1,65100,RAINFOREST_RESIN,9996,2,9995,23,,,10004,2,10005,23,,,10000,1002
-1,65100,KELP,2015,25,,,,,2018,25,,,,,2016.5,-3313.720703
-1,65200,RAINFOREST_RESIN,9998,8,9995,29,,,10005,29,,,,,10001.5,1008
-1,65200,KELP,2017,1,2015,29,,,2019,29,,,,,2018,-3315.837891
-1,65300,KELP,2015,21,,,,,2017,2,2018,21,,,2016,-3383.617188
-1,65300,RAINFOREST_RESIN,9995,21,,,,,10002,3,10005,21,,,9998.5,1008
-1,65400,KELP,2015,28,,,,,2016,3,2018,28,,,2015.5,-3563.796875
-1,65400,RAINFOREST_RESIN,9996,2,9995,26,,,10000,3,10004,2,10005,26,9998,1008
-1,65500,RAINFOREST_RESIN,9996,2,9995,27,,,10004,2,10005,27,,,10000,1008
-1,65500,KELP,2015,36,,,,,2018,29,,,,,2016.5,-3551.953125
-1,65600,RAINFOREST_RESIN,9998,5,9995,20,,,10005,20,,,,,10001.5,1008
-1,65600,KELP,2015,20,,,,,2019,20,,,,,2017,-3567.0625
-1,65700,KELP,2014,29,,,,,2018,29,,,,,2016,-3535.335938
-1,65700,RAINFOREST_RESIN,9995,29,,,,,10005,29,,,,,10000,1008
-1,65800,KELP,2015,20,,,,,2017,7,2018,20,,,2016,-3539.703125
-1,65800,RAINFOREST_RESIN,9998,9,9995,20,,,10005,20,,,,,10001.5,1008
-1,65900,RAINFOREST_RESIN,9996,1,9995,23,,,10004,1,10005,23,,,10000,1008
-1,65900,KELP,2015,29,,,,,2018,24,,,,,2016.5,-3548.9375
-1,66000,RAINFOREST_RESIN,9998,4,9996,2,9995,22,10004,2,10005,22,,,10001,1008
-1,66000,KELP,2015,24,,,,,2018,24,,,,,2016.5,-3549.945313
-1,66100,KELP,2015,27,,,,,2018,27,,,,,2016.5,-3555.164063
-1,66100,RAINFOREST_RESIN,9996,1,9995,26,,,9998,1,10004,1,10005,26,9997,1008
-1,66200,KELP,2016,5,2015,20,,,2019,20,,,,,2017.5,-3574.375
-1,66200,RAINFOREST_RESIN,10002,1,10000,5,9995,20,10005,20,,,,,10003.5,1010
-1,66300,RAINFOREST_RESIN,9996,1,9995,24,,,10004,1,10005,24,,,10000,1012
-1,66300,KELP,2018,1,2016,2,2015,25,2019,25,,,,,2018.5,-3578.664063
-1,66400,RAINFOREST_RESIN,9995,21,,,,,9998,3,10005,21,,,9996.5,1012
-1,66400,KELP,2015,21,,,,,2019,21,,,,,2017,-3582.875
-1,66500,KELP,2015,22,,,,,2019,22,,,,,2017,-3580.007813
-1,66500,RAINFOREST_RESIN,9996,2,9995,20,,,10004,2,10005,20,,,10000,1018
-1,66600,KELP,2015,22,,,,,2017,3,2019,22,,,2016,-3569.09375
-1,66600,RAINFOREST_RESIN,9995,22,,,,,10005,22,,,,,10000,1018
-1,66700,RAINFOREST_RESIN,9998,9,9995,27,,,10005,27,,,,,10001.5,1018
-1,66700,KELP,2014,27,,,,,2018,27,,,,,2016,-3527.375
-1,66800,RAINFOREST_RESIN,9995,30,,,,,10005,30,,,,,10000,1018
-1,66800,KELP,2014,30,,,,,2018,30,,,,,2016,-3532.007813
-1,66900,KELP,2017,1,2015,4,2014,23,2018,23,,,,,2017.5,-3534.382813
-1,66900,RAINFOREST_RESIN,9998,4,9995,23,,,10005,23,,,,,10001.5,1018
-1,67000,KELP,2015,25,,,,,2018,25,,,,,2016.5,-3583.109375
-1,67000,RAINFOREST_RESIN,9996,1,9995,24,,,10004,1,10005,24,,,10000,1018
-1,67100,RAINFOREST_RESIN,9995,23,,,,,10005,23,,,,,10000,1018
-1,67100,KELP,2015,23,,,,,2018,23,,,,,2016.5,-3581.464844
-1,67200,RAINFOREST_RESIN,9996,2,9995,20,,,10002,3,10004,2,10005,20,9999,1018
-1,67200,KELP,2015,21,,,,,2018,22,,,,,2016.5,-3585.984375
-1,67300,KELP,2015,31,,,,,2018,30,,,,,2016.5,-3587.1875
-1,67300,RAINFOREST_RESIN,9995,30,,,,,9998,3,10005,30,,,9996.5,1018
-1,67400,KELP,2015,26,,,,,2018,26,,,,,2016.5,-3593.941406
-1,67400,RAINFOREST_RESIN,9998,4,9996,1,9995,25,10004,1,10005,25,,,10001,1024
-1,67500,RAINFOREST_RESIN,9995,21,,,,,10005,21,,,,,10000,1024
-1,67500,KELP,2015,20,,,,,2018,21,,,,,2016.5,-3592.089844
-1,67600,RAINFOREST_RESIN,9996,2,9995,25,,,10004,2,10005,25,,,10000,1024
-1,67600,KELP,2015,27,,,,,2018,27,,,,,2016.5,-3590.894531
-1,67700,KELP,2015,33,,,,,2018,30,,,,,2016.5,-3592.757813
-1,67700,RAINFOREST_RESIN,9996,1,9995,29,,,10004,1,10005,29,,,10000,1024
-1,67800,KELP,2015,38,,,,,2018,30,,,,,2016.5,-3584.710938
-1,67800,RAINFOREST_RESIN,9998,3,9995,30,,,10005,30,,,,,10001.5,1024
-1,67900,RAINFOREST_RESIN,9995,25,,,,,10005,25,,,,,10000,1024
-1,67900,KELP,2015,25,,,,,2018,25,,,,,2016.5,-3591.90625
-1,68000,RAINFOREST_RESIN,9996,2,9995,21,,,10004,2,10005,21,,,10000,1024
-1,68000,KELP,2015,23,,,,,2018,23,,,,,2016.5,-3592.847656
-1,68100,KELP,2015,31,,,,,2017,4,2018,31,,,2016,-3580.140625
-1,68100,RAINFOREST_RESIN,9996,2,9995,29,,,10004,2,10005,29,,,10000,1024
-1,68200,KELP,2017,1,2015,31,,,2018,31,,,,,2017.5,-3584.085938
-1,68200,RAINFOREST_RESIN,9996,2,9995,29,,,10004,2,10005,29,,,10000,1024
-1,68300,RAINFOREST_RESIN,9996,1,9995,28,,,10004,1,10005,28,,,10000,1024
-1,68300,KELP,2017,1,2015,29,,,2018,29,,,,,2017.5,-3634.59375
-1,68400,RAINFOREST_RESIN,9996,2,9995,26,,,10004,2,10005,26,,,10000,1024
-1,68400,KELP,2015,28,,,,,2018,28,,,,,2016.5,-3631.824219
-1,68500,KELP,2015,23,,,,,2018,23,,,,,2016.5,-3630.626953
-1,68500,RAINFOREST_RESIN,9995,23,,,,,10002,5,10005,23,,,9998.5,1024
-1,68600,KELP,2015,24,,,,,2018,25,,,,,2016.5,-3631.130859
-1,68600,RAINFOREST_RESIN,9996,1,9995,24,,,10004,1,10005,24,,,10000,1024
-1,68700,RAINFOREST_RESIN,9996,1,9995,27,,,10004,1,10005,27,,,10000,1024
-1,68700,KELP,2015,28,,,,,2018,28,,,,,2016.5,-3628.759766
-1,68800,RAINFOREST_RESIN,9995,22,,,,,9998,1,10005,22,,,9996.5,1024
-1,68800,KELP,2015,22,,,,,2018,22,,,,,2016.5,-3630.486328
-1,68900,KELP,2017,1,2015,28,,,2018,28,,,,,2017.5,-3636.044922
-1,68900,RAINFOREST_RESIN,9996,1,9995,27,,,10004,1,10005,27,,,10000,1026
-1,69000,KELP,2015,30,,,,,2018,30,,,,,2016.5,-3629.888672
-1,69000,RAINFOREST_RESIN,9996,2,9995,28,,,10004,2,10005,28,,,10000,1026
-1,69100,RAINFOREST_RESIN,9998,9,9996,1,9995,30,10004,1,10005,30,,,10001,1026
-1,69100,KELP,2015,30,,,,,2018,31,,,,,2016.5,-3632.599609
-1,69200,RAINFOREST_RESIN,9996,2,9995,28,,,10004,2,10005,28,,,10000,1026
-1,69200,KELP,2017,3,2015,30,,,2018,30,,,,,2017.5,-3633.150391
-1,69300,KELP,2017,1,2015,21,,,2018,21,,,,,2017.5,-3633.876953
-1,69300,RAINFOREST_RESIN,9995,21,,,,,9998,1,10005,21,,,9996.5,1026
-1,69400,KELP,2015,26,,,,,2018,26,,,,,2016.5,-3633.3125
-1,69400,RAINFOREST_RESIN,10002,1,9998,2,9996,1,10004,1,10005,25,,,10003,1028
-1,69500,RAINFOREST_RESIN,9998,1,9996,2,9995,24,10004,2,10005,24,,,10001,1030
-1,69500,KELP,2015,32,,,,,2018,26,,,,,2016.5,-3632.759766
-1,69600,RAINFOREST_RESIN,9995,23,,,,,10005,23,,,,,10000,1030
-1,69600,KELP,2015,22,,,,,2018,23,,,,,2016.5,-3632.90625
-1,69700,KELP,2015,21,,,,,2018,21,,,,,2016.5,-3632.892578
-1,69700,RAINFOREST_RESIN,10002,1,9996,1,9995,20,10004,1,10005,20,,,10003,1030
-1,69800,KELP,2015,24,,,,,2018,24,,,,,2016.5,-3629.255859
-1,69800,RAINFOREST_RESIN,9996,1,9995,23,,,10004,1,10005,23,,,10000,1036
-1,69900,RAINFOREST_RESIN,9996,2,9995,27,,,10004,2,10005,27,,,10000,1036
-1,69900,KELP,2015,29,,,,,2018,29,,,,,2016.5,-3629.705078
-1,70000,RAINFOREST_RESIN,9996,2,9995,27,,,10004,2,10005,27,,,10000,1036
-1,70000,KELP,2015,29,,,,,2018,29,,,,,2016.5,-3631.582031
-1,70100,KELP,2015,23,,,,,2018,2,2019,22,,,2016.5,-3627
-1,70100,RAINFOREST_RESIN,9996,2,9995,22,,,10004,2,10005,22,,,10000,1036
-1,70200,KELP,2015,22,,,,,2018,22,,,,,2016.5,-3629.804688
-1,70200,RAINFOREST_RESIN,9996,1,9995,21,,,10004,1,10005,21,,,10000,1036
-1,70300,RAINFOREST_RESIN,9996,1,9995,25,,,9998,2,10004,1,10005,25,9997,1036
-1,70300,KELP,2015,26,,,,,2018,26,,,,,2016.5,-3633.566406
-1,70400,RAINFOREST_RESIN,9995,26,,,,,10005,26,,,,,10000,1040
-1,70400,KELP,2015,26,,,,,2017,6,2018,26,,,2016,-3635.796875
-1,70500,KELP,2015,23,,,,,2016,3,2017,3,2018,23,2015.5,-3632.933594
-1,70500,RAINFOREST_RESIN,9995,23,,,,,10000,3,10005,23,,,9997.5,1040
-1,70600,RAINFOREST_RESIN,9996,1,9995,27,,,10004,1,10005,27,,,10000,1040
-1,70600,KELP,2015,34,,,,,2018,28,,,,,2016.5,-3628.318359
-1,70700,KELP,2015,26,,,,,2018,26,,,,,2016.5,-3633.898438
-1,70700,RAINFOREST_RESIN,9995,26,,,,,10005,26,,,,,10000,1044
-1,70800,RAINFOREST_RESIN,10002,1,9995,27,,,10005,27,,,,,10003.5,1044
-1,70800,KELP,2015,26,,,,,2018,27,,,,,2016.5,-3631.949219
-1,70900,KELP,2015,32,,,,,2018,32,,,,,2016.5,-3631.652344
-1,70900,RAINFOREST_RESIN,9996,2,9995,30,,,10004,2,10005,30,,,10000,1046
-1,71000,RAINFOREST_RESIN,9996,1,9995,29,,,10002,5,10004,1,10005,29,9999,1046
-1,71000,KELP,2015,30,,,,,2018,30,,,,,2016.5,-3632.228516
-1,71100,KELP,2015,22,,,,,2018,22,,,,,2016.5,-3631.816406
-1,71100,RAINFOREST_RESIN,9998,9,9996,1,9995,21,10004,1,10005,21,,,10001,1046
-1,71200,RAINFOREST_RESIN,10002,1,9996,1,9995,28,10004,1,10005,28,,,10003,1046
-1,71200,KELP,2015,28,,,,,2018,29,,,,,2016.5,-3632.267578
-1,71300,KELP,2015,28,,,,,2017,4,2018,28,,,2016,-3634.605469
-1,71300,RAINFOREST_RESIN,9996,2,9995,26,,,10002,4,10004,2,10005,26,9999,1048
-1,71400,RAINFOREST_RESIN,9996,2,9995,24,,,10002,3,10004,2,10005,24,9999,1048
-1,71400,KELP,2015,26,,,,,2018,26,,,,,2016.5,-3635.34375
-1,71500,KELP,2015,25,,,,,2018,28,,,,,2016.5,-3630.777344
-1,71500,RAINFOREST_RESIN,10002,1,9996,2,9995,26,10004,2,10005,26,,,10003,1048
-1,71600,RAINFOREST_RESIN,9996,1,9995,27,,,9998,3,10004,1,10005,27,9997,1050
-1,71600,KELP,2014,28,,,,,2018,28,,,,,2016,-3638.945313
-1,71700,KELP,2014,31,,,,,2016,4,2018,31,,,2015,-3638.658203
-1,71700,RAINFOREST_RESIN,9996,2,9995,29,,,10004,2,10005,29,,,10000,1056
-1,71800,RAINFOREST_RESIN,10002,1,9996,2,9995,25,10004,2,10005,25,,,10003,1056
-1,71800,KELP,2014,27,,,,,2018,27,,,,,2016,-3638.525391
-1,71900,KELP,2014,26,,,,,2018,26,,,,,2016,-3640.412109
-1,71900,RAINFOREST_RESIN,10002,1,9996,1,9995,25,10004,1,10005,25,,,10003,1058
-1,72000,RAINFOREST_RESIN,9996,1,9995,20,,,10004,1,10005,20,,,10000,1060
-1,72000,KELP,2015,21,,,,,2017,6,2018,21,,,2016,-3632.292969
-1,72100,KELP,2014,21,,,,,2016,5,2018,21,,,2015,-3638.117188
-1,72100,RAINFOREST_RESIN,9995,21,,,,,10005,21,,,,,10000,1060
-1,72200,RAINFOREST_RESIN,9996,2,9995,29,,,10004,2,10005,29,,,10000,1060
-1,72200,KELP,2016,3,2014,31,,,2018,31,,,,,2017,-3640.328125
-1,72300,KELP,2014,23,,,,,2018,23,,,,,2016,-3637.855469
-1,72300,RAINFOREST_RESIN,9996,1,9995,22,,,10002,8,10004,1,10005,22,9999,1060
-1,72400,RAINFOREST_RESIN,10002,1,9996,2,9995,20,10004,2,10005,20,,,10003,1060
-1,72400,KELP,2014,22,,,,,2016,6,2018,22,,,2015,-3684.578125
-1,72500,KELP,2014,34,,,,,2017,27,,,,,2015.5,-3681.599609
-1,72500,RAINFOREST_RESIN,9996,2,9995,25,,,10004,2,10005,25,,,10000,1062
-1,72600,RAINFOREST_RESIN,9996,2,9995,27,,,10004,2,10005,27,,,10000,1064
-1,72600,KELP,2014,35,,,,,2015,4,2017,29,,,2014.5,-3682.640625
-1,72700,KELP,2014,23,,,,,2017,23,,,,,2015.5,-3681.806641
-1,72700,RAINFOREST_RESIN,9995,23,,,,,10005,23,,,,,10000,1064
-1,72800,RAINFOREST_RESIN,9995,20,,,,,10005,20,,,,,10000,1064
-1,72800,KELP,2014,20,,,,,2017,20,,,,,2015.5,-3682.076172
-1,72900,KELP,2014,24,,,,,2017,24,,,,,2015.5,-3681.746094
-1,72900,RAINFOREST_RESIN,9998,1,9996,2,9995,22,10004,2,10005,22,,,10001,1064
-1,73000,RAINFOREST_RESIN,9996,1,9995,21,,,10002,7,10004,1,10005,21,9999,1066
-1,73000,KELP,2014,21,,,,,2016,2,2017,22,,,2015,-3681.800781
-1,73100,KELP,2014,31,,,,,2017,31,,,,,2015.5,-3680.298828
-1,73100,RAINFOREST_RESIN,9996,2,9995,29,,,10002,3,10004,2,10005,29,9999,1066
-1,73200,KELP,2014,21,,,,,2017,21,,,,,2015.5,-3679.267578
-1,73200,RAINFOREST_RESIN,9995,21,,,,,10005,21,,,,,10000,1066
-1,73300,RAINFOREST_RESIN,9996,1,9995,29,,,10004,1,10005,29,,,10000,1066
-1,73300,KELP,2014,30,,,,,2017,30,,,,,2015.5,-3678.263672
-1,73400,RAINFOREST_RESIN,9995,30,,,,,9998,1,10005,30,,,9996.5,1066
-1,73400,KELP,2014,30,,,,,2016,4,2017,30,,,2015,-3679.078125
-1,73500,KELP,2014,25,,,,,2017,25,,,,,2015.5,-3679.712891
-1,73500,RAINFOREST_RESIN,9996,2,9995,23,,,10004,2,10005,23,,,10000,1068
-1,73600,KELP,2014,25,,,,,2017,25,,,,,2015.5,-3679.900391
-1,73600,RAINFOREST_RESIN,9996,1,9995,24,,,10004,1,10005,24,,,10000,1068
-1,73700,RAINFOREST_RESIN,9995,24,,,,,10005,24,,,,,10000,1068
-1,73700,KELP,2014,24,,,,,2017,24,,,,,2015.5,-3682.648438
-1,73800,RAINFOREST_RESIN,9995,24,,,,,10005,24,,,,,10000,1068
-1,73800,KELP,2014,24,,,,,2016,5,2018,24,,,2015,-3685.558594
-1,73900,KELP,2015,27,,,,,2018,30,,,,,2016.5,-3691.050781
-1,73900,RAINFOREST_RESIN,9995,30,,,,,10005,30,,,,,10000,1068
-1,74000,KELP,2015,26,,,,,2017,3,2018,26,,,2016,-3687.791016
-1,74000,RAINFOREST_RESIN,10002,1,9998,10,9996,2,10004,2,10005,24,,,10003,1068
-1,74100,RAINFOREST_RESIN,10000,6,9996,2,9995,30,10004,2,10005,30,,,10002,1070
-1,74100,KELP,2016,6,2015,32,,,2018,32,,,,,2017,-3687.861328
-1,74200,RAINFOREST_RESIN,9996,2,9995,20,,,10002,6,10004,2,10005,20,9999,1070
-1,74200,KELP,2015,22,,,,,2018,22,,,,,2016.5,-3740.191406
-1,74300,KELP,2015,5,2014,32,,,2018,32,,,,,2016.5,-3750.421875
-1,74300,RAINFOREST_RESIN,9996,2,9995,30,,,10002,6,10004,2,10005,30,9999,1070
-1,74400,KELP,2015,30,,,,,2018,30,,,,,2016.5,-3740.34375
-1,74400,RAINFOREST_RESIN,9995,30,,,,,10005,30,,,,,10000,1070
-1,74500,RAINFOREST_RESIN,10000,3,9995,29,,,10005,29,,,,,10002.5,1070
-1,74500,KELP,2016,3,2014,29,,,2018,29,,,,,2017,-3744.761719
-1,74600,RAINFOREST_RESIN,10002,1,9998,7,9995,29,10005,29,,,,,10003.5,1070
-1,74600,KELP,2014,29,,,,,2018,29,,,,,2016,-3745.960938
-1,74700,KELP,2014,32,,,,,2018,32,,,,,2016,-3748.839844
-1,74700,RAINFOREST_RESIN,9996,2,9995,30,,,10004,2,10005,30,,,10000,1072
-1,74800,KELP,2014,26,,,,,2018,26,,,,,2016,-3747.46875
-1,74800,RAINFOREST_RESIN,9998,9,9996,1,9995,25,10004,1,10005,25,,,10001,1072
-1,74900,RAINFOREST_RESIN,10002,1,9996,1,9995,30,10004,1,10005,30,,,10003,1072
-1,74900,KELP,2015,31,,,,,2018,31,,,,,2016.5,-3743.785156
-1,75000,RAINFOREST_RESIN,9995,27,,,,,9998,1,10005,27,,,9996.5,1074
-1,75000,KELP,2016,1,2014,27,,,2017,27,,,,,2016.5,-3756.65625
-1,75100,KELP,2014,30,,,,,2017,30,,,,,2015.5,-3754.175781
-1,75100,RAINFOREST_RESIN,9995,30,,,,,10005,30,,,,,10000,1094
-1,75200,KELP,2016,3,2014,26,,,2017,2,2018,24,,,2016.5,-3752.257813
-1,75200,RAINFOREST_RESIN,9998,2,9996,2,9995,24,10004,2,10005,24,,,10001,1094
-1,75300,RAINFOREST_RESIN,9996,1,9995,28,,,10004,1,10005,28,,,10000,1094
-1,75300,KELP,2014,29,,,,,2017,29,,,,,2015.5,-3755.136719
-1,75400,RAINFOREST_RESIN,9996,1,9995,30,,,10004,1,10005,30,,,10000,1094
-1,75400,KELP,2014,31,,,,,2017,31,,,,,2015.5,-3758.546875
-1,75500,KELP,2014,34,,,,,2017,30,,,,,2015.5,-3758.105469
-1,75500,RAINFOREST_RESIN,9996,2,9995,28,,,10004,2,10005,28,,,10000,1094
-1,75600,KELP,2014,28,,,,,2017,28,,,,,2015.5,-3754.203125
-1,75600,RAINFOREST_RESIN,10002,1,9996,2,9995,26,10004,2,10005,26,,,10003,1098
-1,75700,RAINFOREST_RESIN,9996,1,9995,26,,,10004,1,10005,26,,,10000,1100
-1,75700,KELP,2014,27,,,,,2016,3,2017,27,,,2015,-3756.625
-1,75800,RAINFOREST_RESIN,9998,5,9996,1,9995,29,10004,1,10005,29,,,10001,1100
-1,75800,KELP,2014,30,,,,,2017,30,,,,,2015.5,-3754.046875
-1,75900,KELP,2014,21,,,,,2018,21,,,,,2016,-3751.179688
-1,75900,RAINFOREST_RESIN,9995,21,,,,,10002,8,10005,21,,,9998.5,1100
-1,76000,KELP,2015,32,,,,,2018,32,,,,,2016.5,-3739.109375
-1,76000,RAINFOREST_RESIN,9998,2,9996,2,9995,30,10004,2,10005,30,,,10001,1100
-1,76100,RAINFOREST_RESIN,9996,1,9995,20,,,9998,1,10004,1,10005,20,9997,1100
-1,76100,KELP,2015,21,,,,,2018,21,,,,,2016.5,-3743.308594
-1,76200,RAINFOREST_RESIN,9996,1,9995,21,,,10004,1,10005,21,,,10000,1102
-1,76200,KELP,2014,22,,,,,2018,22,,,,,2016,-3747.757813
-1,76300,KELP,2015,6,2014,27,,,2018,27,,,,,2016.5,-3750.472656
-1,76300,RAINFOREST_RESIN,9995,27,,,,,10005,27,,,,,10000,1102
-1,76400,KELP,2014,28,,,,,2018,28,,,,,2016,-3750.519531
-1,76400,RAINFOREST_RESIN,9998,4,9995,28,,,10005,28,,,,,10001.5,1102
-1,76500,RAINFOREST_RESIN,9996,1,9995,27,,,10004,1,10005,27,,,10000,1102
-1,76500,KELP,2014,7,2013,27,,,2017,28,,,,,2015.5,-3768.570313
-1,76600,RAINFOREST_RESIN,9996,2,9995,28,,,10004,2,10005,28,,,10000,1102
-1,76600,KELP,2014,30,,,,,2017,30,,,,,2015.5,-3762.878906
-1,76700,KELP,2014,26,,,,,2016,4,2017,26,,,2015,-3761.90625
-1,76700,RAINFOREST_RESIN,9996,1,9995,25,,,10004,1,10005,25,,,10000,1102
-1,76800,KELP,2014,25,,,,,2017,25,,,,,2015.5,-3765.875
-1,76800,RAINFOREST_RESIN,9995,25,,,,,10005,25,,,,,10000,1102
-1,76900,RAINFOREST_RESIN,9998,5,9995,24,,,10005,24,,,,,10001.5,1102
-1,76900,KELP,2013,24,,,,,2014,6,2017,24,,,2013.5,-3776.398438
-1,77000,RAINFOREST_RESIN,9996,1,9995,26,,,10002,4,10004,1,10005,26,9999,1102
-1,77000,KELP,2013,27,,,,,2016,27,,,,,2014.5,-3819.632813
-1,77100,KELP,2015,2,2014,3,2013,30,2016,30,,,,,2015.5,-3849.359375
-1,77100,RAINFOREST_RESIN,10000,3,9998,9,9996,1,10004,1,10005,29,,,10002,1102
-1,77200,KELP,2012,28,,,,,2014,7,2016,28,,,2013,-3861.714844
-1,77200,RAINFOREST_RESIN,9996,1,9995,27,,,10004,1,10005,27,,,10000,1102
-1,77300,RAINFOREST_RESIN,9996,2,9995,22,,,10004,2,10005,22,,,10000,1102
-1,77300,KELP,2012,24,,,,,2015,24,,,,,2013.5,-3868.053223
-1,77400,RAINFOREST_RESIN,9995,30,,,,,10002,2,10005,30,,,9998.5,1102
-1,77400,KELP,2012,30,,,,,2016,30,,,,,2014,-3867.501465
-1,77500,KELP,2012,30,,,,,2015,30,,,,,2013.5,-3868.935059
-1,77500,RAINFOREST_RESIN,9996,2,9995,28,,,10004,2,10005,28,,,10000,1102
-1,77600,KELP,2012,30,,,,,2015,27,,,,,2013.5,-3868.05957
-1,77600,RAINFOREST_RESIN,9996,2,9995,25,,,10004,2,10005,25,,,10000,1102
-1,77700,RAINFOREST_RESIN,9995,26,,,,,10005,26,,,,,10000,1102
-1,77700,KELP,2013,26,,,,,2016,26,,,,,2014.5,-3865.354004
-1,77800,RAINFOREST_RESIN,9996,1,9995,25,,,10004,1,10005,25,,,10000,1102
-1,77800,KELP,2013,26,,,,,2015,2,2016,26,,,2014,-3865.744141
-1,77900,KELP,2013,39,,,,,2016,32,,,,,2014.5,-3865.400879
